2825 5009
202 399 264 466 1611

184 557 364 626 ‘demersos3
389 573 450 613 uuo
475 571 544 615 sane
566 552 681 633 perdito
703 552 842 626 denario,
866 562 1012 625 moestos,
1037 561 1067 609 et
1093 550 1129 608 ad
1150 569 1238 626 unum
1260 547 1310 606 in-

203 649 338 727 quisitum
360 646 467 724 laetos3
485 648 517 705 iu
538 645 708 726 apostolicis
729 643 929 704 sanctionibus
950 643 989 702 ob
1004 642 1146 702 inscitiam
1166 642 1214 702 vel
1235 661 1310 720 pec-

202 751 334 800 catorum
365 742 498 818 pondus,
527 760 579 802 ora
605 739 692 798 etiam
719 737 874 799 scientium
900 737 1088 810 obturantes,
1117 735 1241 802 hebetes
1271 753 1309 792 ac

201 844 310 907 mutos,
330 843 360 890 et
379 833 409 892 in
430 833 551 892 flexibus
571 830 762 890 mundialium
778 829 968 909 negotiorum
988 828 1175 888 mendacibus
1196 825 1310 886 doctis-

202 925 305 1000 simos3
332 943 457 1001 quorum
478 925 515 984 de
541 922 681 984 scelerata
702 920 927 981 conversatione
946 921 1054 983 multos
1079 919 1245 980 sacerdotio
1265 918 1310 976 ir-

201 1027 338 1090 ruentes,
369 1015 467 1095 potius
499 1015 545 1074 rel
579 1012 649 1072 illud
684 1013 765 1071 omui
781 1014 807 1089 Ι)
838 1015 963 1091 pecunia
994 1014 1187 1086 redimentes,
1219 1032 1310 1090 quam

202 1119 323 1182 tractos,
344 1119 373 1168 et
394 1108 425 1165 in
447 1109 551 1168 eodem
566 1106 658 1168 veteri
678 1106 866 1184 infaustoque
881 1106 1110 1167 intolerabilium
1124 1105 1323 1184 piaculorum>

201 1220 312 1272 coeno,
333 1210 401 1280 post
420 1200 641 1274 sacerdotalem,
663 1199 848 1280 episcopatus
868 1198 913 1265 vel
932 1199 1107 1280 presbyterii
1126 1199 1234 1280 sedem,
1254 1194 1311 1274 qui
1383 1221 1387 1234 ·

202 1313 259 1354 nec
277 1292 412 1353 ,itidem
427 1295 593 1371 ¹usquom2)
622 1291 780 1364 sederunt,
809 1303 913 1371 utpote
942 1291 1117 1372 iudigni³),
1147 1310 1309 1371 porcorum

202 1405 289 1444 more
307 1383 488 1459 volutantes,
513 1397 599 1464 raptu
628 1396 739 1445 tantum
763 1383 940 1458 ¹sacerdotali
967 1383 1102 1457 nomine,
1127 1403 1183 1443 nec
1208 1395 1310 1441 tamen

114 1549 116 1554 ,
203 1479 366 1552 tennre⁴)‚
391 1477 437 1540 vel
458 1477 619 1562 apostolica
641 1477 784 1558 dignitate
810 1488 947 1556 accepta;
970 1477 1022 1536 sed
1047 1476 1097 1553 qui
1117 1477 1248 1536 nondum
1270 1477 1310 1536 ad

200 1568 471 1648 integramfidem,
490 1582 558 1630 sunt
578 1571 623 1630 vel
644 1569 789 1628 malorum
807 1570 992 1649 poenitentia
1011 1569 1129 1643 idonei,
1154 1570 1309 1647 quomodo

135 1731 138 1737 ι
203 1662 239 1723 ad
261 1660 427 1738 quemlibet·
442 1662 678 1736 ecclesiasticum,
698 1673 812 1720 utnon
832 1662 926 1722 dicam
946 1682 1104 1735 summum,
1124 1661 1310 1722 couvenien-

116 1799 119 1803 .
203 1762 263 1825 tes,
289 1764 318 1812 et
338 1753 596 1834 adepti-gradum,
622 1775 707 1832 quem
730 1755 867 1814 nonnisi
886 1755 978 1815 sancti
1003 1767 1092 1832 atque
1117 1752 1257 1832 perlecti,
1278 1762 1312 1811 et

203 1844 416 1922 Apostolorum
439 1847 615 1920 imitatores,
642 1859 685 1920 et,
705 1859 738 1904 ut
757 1847 890 1928 Magistri
912 1846 1055 1907 Gentium
1067 1843 1172 1912 'uerbis
1192 1844 1311 1922 loquar,
1370 1848 1378 1861 ‘

202 1935 473 2014 irreprehensibiles
502 1939 635 2020 legitime
668 1951 697 1998 et
727 1939 843 2018 absque.
868 1961 977 2019 magno
998 1937 1153 2017 ‘sacrilegii
1184 1935 1312 1994 crimine

202 2026 372 2105 suscipiunt.

709 2198 738 2280 ᾖ.
758 2207 806 2264 tr.

233 2363 235 2368 .
281 2311 361 2389 Quid
388 2310 465 2367 enim
491 2321 549 2374 tam
576 2310 696 2389 impium
726 2321 844 2387 tamque
872 2309 1024 2368 scelestum
1056 2320 1118 2381 est,
1151 2326 1238 2386 quarn
1272 2308 1313 2367 ad

207 2404 424 2468 similitudinem
446 2400 574 2462 Simonis
595 2402 692 2483 Magi,
722 2421 782 2463 nun
811 2401 1074 2462 intervenientibus
1100 2401 1170 2460 licet
1194 2401 1313 2458 interea

202 2496 385 2577 promiscuis,
404 2493 588 2565 criminibus,
619 2495 805 2573 episcopatus
830 2493 960 2552 officium
980 2492 1226 2572 vel‘presbyterii
1245 2502 1312 2551 ter-

202 2603 277 2651 reno
298 2587 410 2669 pretio,
424 2586 515 2664 vquod
536 2586 860 2670 sanctitaterectisquc,
877 2585 1008 2657 moribus
1035 2586 1186 2645 decentius
1205 2583 1312 2661 acqui-

203 2684 292 2756 ritur,
320 2668 582 2760 quempiam'velle
607 2678 752 2740 mereari?
792 2677 910 2758 Sedhiu
935 2699 972 2739 eo
998 2678 1045 2736 isti
1065 2677 1239 2756 propensius
1258 2677 1313 2736 vel

204 2774 384 2851 desperatius
406 2774 555 2845 errant⁵),
576 2773 696 2848 quota)
717 2790 777 2829 uon
800 2770 836 2826 ab
857 2770 1009 2848 Apostolis
1029 2768 1076 2831 vel
1094 2769 1312 2848 Apostolorum

201 2863 428 2936 successoribus,
447 2865 498 2922 sed
518 2884 533 2921 a
553 2862 685 2940 tyrannis
705 2873 735 2919 et
755 2882 772 2919 a
792 2873 876 2939 patre
896 2882 997 2922 eorum
1018 2862 1139 2922 diabolo
1160 2863 1255 2923 locata
1278 2875 1314 2920 et

203 2973 353 3033 nunquam
373 2954 527 3034 profutura
548 2963 649 3012 emunt
673 2952 853 3028 sacerdotia,
877 2955 948 3031 quin
964 2954 1067 3034 potins
1085 2955 1166 3015 velut
1190 2954 1311 3014 culmen

196 3047 533 3126 tectumquemalorum
556 3047 685 3107 omnium
708 3045 873 3124 quoddam,
899 3058 963 3125 quo
986 3069 1045 3107 nou
1076 3048 1162 3112 lacile
1188 3049 1230 3107 eis
1248 3049 1311 3106 im-

203 3151 402 3219 properentur
423 3161 606 3220 aquoquam
628 3139 791 3212 admissa‘l)
811 3138 904 3216 prisca
917 3139 964 3198 vel
984 3160 1071 3216 noun,
1091 3153 1121 3198 et
1140 3141 1311 3219 cupiditatis

203 3234 349 3312 gulaeque
370 3233 529 3306 desideria,
542 3244 645 3310 utpote
660 3232 821 3312 praepositi
840 3234 998 3292 multorum
1013 3233 1125 3295 tacitus
1139 3233 1311 3312 rapiaot⁸)‚

203 3325 344 3386 scelestae
376 3323 493 3400 vitae⁹)
523 3328 748 3400 structurae¹⁰)
777 3329 1047 3404 superponunt't).
1090 3327 1164 3387 Nam
1190 3327 1213 3389 si
1240 3326 1311 3387 talis

203 3415 342 3496 prolecto
363 3417 536 3477 coemtionis
562 3416 694 3476 conditio
721 3415 757 3475 ab
784 3417 1000 3496 impudentibus
1023 3419 1100 3492 istis,
1116 3438 1192 3486 ,uon
1212 3419 1312 3481 dicam

203 3508 354 3587 A-postolo
379 3508 554 3585 Peteon),
581 3509 632 3570 sed
660 3509 782 3572 cuilibet
804 3521 907 3571 sancto
936 3511 1082 3583 sacerdoti
1106 3512 1217 3591 pioque
1243 3513 1312 3591 regi

202 3657 404 3670 μ--η-ι-

260 3751 297 3806 ..1
315 3747 872 3826 1111111111ιηί)ΙΙΙιιᾱρειιεοιιιιιὶ,“1.-
906 3755 932 3810 2
953 3753 1096 3826 Usquam.)
1114 3756 1206 3824 Saepe,
1224 3756 1255 3809 V.
1277 3787 1311 3798 -

158 3911 160 3916 ,
204 3833 230 3890 3.
248 3823 437 3903 Indignam·
454 3836 570 3920 indigue
587 3837 670 3890 B.-
693 3837 730 3895 4.
751 3839 879 3908 Terrore)
896 3839 1009 3902 Tenere,
1026 3839 1107 3899 lt·-
1141 3841 1166 3894 5
1184 3838 1311 3906 Errant,

161 3917 164 3923 ¹
199 3915 297 3989 quod)
320 3919 387 3970 Sunt
404 3939 469 3991 qun,
487 3921 573 3972 V.-
593 3921 632 3975 6
653 3920 751 3992 Quod.)
771 3921 848 3988 Quo,
866 3922 953 3993 Β·-
988 3923 1012 3978 7
1029 3914 1179 3993 Aduerso.)
1197 3925 1310 3989 amiur,

203 3999 284 4058 Β-
319 4002 345 4056 8
366 3983 516 4072 Utpote-
534 4005 673 4074 raptant.)
695 4005 797 4065 Feblt
790 4025 817 4056 ru
833 4006 919 4057 V.
955 4006 980 4058 9
1007 4007 1114 4074 ittae.)
1128 4007 1205 4072 Vice,
1220 4009 1254 4076 β
1276 4036 1310 4060 .-

204 4083 245 4142 10
263 4083 454 4160 Structuroe)
470 4063 637 4152 structuram,
654 4089 737 4147 V.—
772 4088 812 4141 11
829 4087 1044 4162 Superponunt)
1060 4091 1085 4141 V
1101 4091 1175 4142 rorte
1190 4093 1248 4157 bier
1266 4095 1311 4146 die

203 4165 356 4218 Worte
334 4189 386 4220 em:
422 4183 450 4220 ut
471 4171 612 4239 praepositi
634 4171 763 4226 malorum
794 4170 892 4222 facilius
906 4174 1088 4242 rapiant-
1129 4173 1170 4226 12.
1198 4175 1312 4247 Petro.)

203 4247 351 4314 Rettuli.
798 4288 803 4319 :
901 4290 976 4330 r...
1048 4308 1112 4331 z.
