2825 5009
1136 332 1197 402 129

90 477 224 538 debitum
244 477 336 539 multo
356 489 492 558 tempore
512 490 597 540 antea
618 491 763 554 eractum3
782 483 839 545 vile
859 485 976 564 quidem
997 489 1073 568 stylo
1089 491 1127 567 ¹),
1146 492 1199 552 sed

88 570 197 645 fidele,
215 583 250 630 ut
268 583 357 652 puto,
377 585 406 631 et
426 573 546 644 amicale
567 573 731 653 quibusque
751 577 877 658 egregiis
899 577 1009 638 Christi
1028 584 1197 662 tyronibus3

88 683 180 744 grave
194 685 265 725 vero
280 677 310 724 et
322 665 507 744 importabile
521 668 660 745 apostatis
674 669 887 748 insipientibus.
922 672 1058 746 Quorum
1072 677 1197 753 priores,
1215 672 1217 679 ⁴

90 757 121 814 ni
142 755 241 833 fallor,
261 779 326 817 cum
346 758 470 818 lacrimis
491 760 580 834 lorte,
600 779 674 840 quae
695 781 730 820 ex
745 761 804 822 Dei
824 764 945 824 caritate
964 769 1127 845 profluunt,
1146 771 1197 830 alii

91 849 169 908 enim
190 861 279 929 atque
298 873 364 912 cum
384 853 514 928 tristitia,
538 854 589 914 sed
615 875 688 934 quae
709 856 746 914 de
771 856 976 937 indignatione
995 871 1026 919 et
1044 862 1196 940 pusillani-

89 942 192 1004 mitate
213 945 414 1024 deprehensae
434 946 631 1006 conscientiae
652 959 854 1027 extorquetur,
873 949 945 1010 illud
966 954 1120 1034 excipient.

602 1173 630 1257 s.
650 1185 677 1242 2.

164 1301 318 1384 Igitur-²),
337 1303 404 1362 Deo
426 1303 560 1377 volente,
580 1324 670 1383 pauca
693 1304 729 1362 de
748 1303 805 1363 situ
824 1304 1010 1384 Britanniae,
1030 1310 1068 1370 de
1088 1323 1194 1371 contn-

88 1393 192 1470 macia,
212 1396 248 1456 de
268 1395 463 1476 subjectione,
483 1397 524 1456 de.
539 1396 716 1470 rebellione,
736 1397 772 1456 de
792 1399 918 1458 secunda
939 1401 1140 1479 subjectione,
1160 1424 1194 1465 ac

91 1487 152 1548 diro
173 1488 325 1568 famulatu,
348 1491 384 1550 de
403 1489 560 1570 religione,
580 1489 616 1549 de
637 1488 857 1568 persecutione,
877 1491 913 1550 de
933 1495 1040 1554 sanctis
1060 1498 1195 1577 martyri-

90 1743 203 1820 populo‚
220 1746 310 1798 semini
327 1746 405 1813 regali
425 1745 543 1819 gentique
560 1759 677 1816 sauctae,
693 1744 728 1796 ad
745 1762 820 1812 quarn
838 1743 950 1798 dixerat:
984 1747 1203 1814 „Primogeuitus-
1258 1756 1264 1766 ”

89 1853 158 1886 meus
168 1833 278 1896 Israel,“
295 1830 400 1901 ejusque
417 1830 599 1892 sacerdotibus,
617 1828 758 1898 prophetis,
775 1822 883 1893 regibus,
901 1848 948 1897 per
964 1845 1005 1882 tot
1020 1833 1194 1905 seruln,Apo-

91 1918 155 1969 stolo
177 1917 308 1978 ministro,
331 1915 453 1966 membris
480 1915 556 1966 etiam
581 1912 651 1965 illius
674 1911 819 1982 primitivae
842 1913 965 1964 ecclesiae
989 1916 1117 1969 Dominus
1139 1939 1193 1972 uon

90 2002 203 2070 pepercit
220 2021 278 2052 curn
295 2020 309 2051 a
326 2013 397 2051 recto
414 1999 515 2051 tramite
538 1996 676 2060 deviarint,
699 1997 762 2065 quid
782 1996 828 2046 tali
850 1995 924 2067 hujus
947 2011 1088 2052 atramento
1106 2009 1192 2056 aetatis

90 2085 199 2137 facturus
216 2084 270 2137 est?
293 2083 334 2135 cui
351 2097 452 2153 praeter
473 2083 517 2134 illa
533 2083 642 2134 nefanda
659 2080 831 2149 immaniaque
855 2096 974 2149 peccata,
997 2104 1061 2153 quae
1078 2106 1194 2138 commu-

91 2169 154 2220 niter
176 2189 235 2221 cum
258 2170 375 2220 omnibus
393 2167 483 2218 muudi
506 2165 633 2218 sceleratis
656 2164 721 2230 agit,
746 2164 845 2216 accedit
864 2164 985 2237 [accidit,
1003 2170 1032 2220 V.
1050 2168 1092 2241 J.]
1116 2171 1193 2223 etiam

90 2252 154 2304 illud
169 2252 251 2304 veluti
272 2252 411 2318 ingenitum
429 2249 491 2320 quid
513 2264 538 2301 et
560 2249 699 2301 indelebile
723 2249 883 2320 insipientiae
905 2251 1008 2319 pondus
1034 2266 1060 2303 et
1083 2253 1192 2307 levitatis

90 2336 257 2390 ineluctabile.
283 2334 372 2402 Quid?
388 2334 506 2384 mihimet
522 2333 606 2397 aione,
622 2334 707 2400 miser,
725 2332 774 2384 tibi
791 2333 870 2386 veluti
888 2336 1028 2404 conspicuo
1044 2357 1073 2389 ac
1091 2359 1191 2392 summo

91 2422 189 2474 doctori
205 2420 263 2473 talis
281 2439 339 2472 cura
357 2417 539 2480 committitur,
562 2413 591 2480 ut
608 2419 692 2470 obstes
711 2417 804 2471 ictibus
820 2432 873 2471 tam
890 2418 998 2470 violenti
1014 2423 1147 2486 torrentis,
1164 2443 1191 2478 et
1252 2436 1254 2438 ’

91 2520 175 2558 contra
191 2506 259 2556 hunc
276 2503 428 2555 inclitorum
446 2502 570 2554 scelerum
587 2502 683 2564 funem,
700 2520 748 2570 per
765 2515 805 2552 tot
817 2522 941 2555 annorum
956 2505 1035 2573 spatia
1049 2507 1191 2578 interrupte
1263 2541 1265 2545 ·
1295 2514 1298 2519 ’

91 2589 188 2661 lateque
204 2602 377 2660 protractum,
395 2604 479 2638 serves
497 2586 643 2654 depositum
660 2585 708 2637 tibi
727 2586 870 2639 creditum?
903 2587 950 2652 Et,
968 2602 1058 2654 taceas,
1076 2591 1191 2660 alioquin

90 2675 137 2726 hoc
154 2689 191 2726 est
208 2673 300 2726 dixisse
316 2672 385 2742 pedi,
403 2673 546 2741 speculare;
565 2685 590 2723 et
607 2671 702 2733 manui,
720 2671 807 2724 fatere.
833 2670 917 2722 Habet
925 2671 1055 2724 Britannia
1071 2689 1191 2740 rectores,

89 2757 162 2810 babet
176 2758 357 2829 speculatores.
392 2755 463 2824 Quid
485 2770 512 2808 tu
535 2757 653 2820 uugando
676 2754 769 2806 mutire
791 2754 923 2824 disponis?
957 2756 1056 2820 Habet,
1078 2758 1191 2829 iuquam,

90 2842 169 2907 babet,
185 2843 206 2896 si
224 2860 277 2894 nou
294 2843 370 2906 ultrlt,
387 2860 439 2892 uon
458 2840 520 2892 citra
537 2860 679 2892 numerum.
708 2841 762 2892 Sed
780 2840 840 2910 quia
856 2839 971 2891 inclinati
988 2853 1059 2892 tanto
1076 2845 1191 2911 pondere

90 2941 143 2978 suut
160 2927 252 2997 pressi,
269 2927 366 2979 idcirco
384 2924 494 2994 ¹spatium
511 2923 652 2993 respirandi
669 2925 726 2974 unux
740 2924 842 2979 babent.
874 2925 1100 2994 Praeoccupabant
1115 2926 1193 2992 igitur

90 3031 114 3062 se
131 3027 220 3064 mutuo
238 3001 543 3081 talibusobjectionibus,
561 3008 602 3058 vel
619 3007 702 3058 multo
722 3007 760 3059 bis
769 3007 981 3070 mordacioribus,
999 3008 1079 3060 veluti
1097 2998 1192 3063 conde-

88 3097 180 3149 bitores
203 3117 289 3149 sensus
311 3095 370 3148 mei.
405 3093 441 3146 Hi
463 3109 515 3144 non
540 3095 635 3163 par'vo,
657 3107 686 3144 ut
709 3092 778 3156 dixi,
801 3106 918 3161 tempore
942 3119 974 3129 -
998 3112 1057 3142 cum
1079 3094 1191 3158 legerem

89 3194 202 3252 „tempus
220 3201 273 3233 esse
290 3179 414 3250 loquendi
433 3193 458 3230 et
474 3176 576 3230 tacendi
583 3175 601 3209 “'
617 3205 647 3216 —
667 3191 692 3229 et
710 3177 737 3227 iu
754 3177 862 3246 quadam
884 3176 953 3228 acsi
971 3190 1073 3240 augusta
1090 3177 1190 3231 timoris

88 3266 186 3333 porticu
203 3266 370 3318 luctabantur.
407 3263 526 3316 Obtinuit
543 3262 654 3332 vicitque
671 3262 775 3313 tandem
791 3261 929 3331 aliquando
948 3260 1073 3324 creditor,
1091 3262 1190 3315 Sinon

89 3368 121 3412 es,
137 3349 263 3420 inquiens,
273 3349 338 3402 'talis
355 3348 484 3409 audaciae,
500 3360 529 3397 ut
546 3345 613 3396 inter
629 3345 752 3398 veridicas
769 3347 901 3408 rationalis
917 3345 1043 3400 secundae
1060 3366 1075 3396 a
1091 3347 1190 3399 nunciis

90 3433 249 3486 derivationis
267 3446 461 3488 ereaturasnon
479 3425 641 3499 pertimescas
659 3429 782 3482 libertatis
804 3450 894 3483 aureae
913 3429 1014 3482 decenti
1036 3445 1098 3482 nota
1114 3431 1190 3512 inuri,

89 3519 207 3570 aflectum
231 3517 322 3569 saltem
343 3515 511 3582 intelligibilis
534 3514 616 3566 asinae
640 3527 743 3566 eatenus
765 3515 872 3581 elinguis
893 3535 947 3568 non
968 3515 1079 3580 refugite
1097 3516 1190 3585 spiritu

88 3602 136 3654 Dei
158 3604 270 3664 afflatae,
297 3600 408 3652 nolentis
433 3619 460 3651 se
478 3598 624 3650 vehiculum
646 3601 703 3650 fore
726 3599 811 3651 tiarati
832 3600 899 3665 magi
922 3599 1040 3652 devoturi
1062 3600 1190 3670 populum

88 3686 145 3752 Dei,
161 3707 224 3758 quae
242 3687 268 3738 iu
285 3699 392 3752 angusto
410 3684 534 3735 maceriae
546 3683 677 3736 vinearum
694 3683 838 3735 resolutum
855 3682 909 3754 ejus
921 3682 1018 3735 attrivit
1035 3685 1137 3753 pedem,
1155 3686 1190 3734 ob

30 3769 35 3778 “
88 3770 113 3820 id
128 3771 188 3823 licet
196 3761 303 3822 verbera
317 3768 444 3820 hostiliter
460 3767 573 3830 senserit,
592 3767 684 3837 cuique
701 3769 817 3834 angelum
837 3767 974 3820 coelestem
987 3787 1072 3819 ensem
1081 3788 1190 3820 vacuum

27 3871 29 3876 ‘
88 3855 339 3920 vagina'habcntem,
363 3867 438 3921 atque
457 3853 626 3915 contrarium,
649 3872 725 3922 quem
748 3852 793 3902 ille
812 3852 890 3902 cruda
911 3851 1051 3903 stoliditate
1075 3867 1189 3904 caecatus

88 3955 136 3988 uon
154 3938 263 4003 viderat,
282 3937 373 4004 digito„
383 3937 588 4006 quodammodo,
612 3956 756 4006 quanquam
775 3937 872 4004 ingrato
891 3955 920 3987 ae
936 3935 1090 4000 furibundo,
1108 3951 1134 3988 et
1151 3937 1190 3989 in·

27 4081 28 4086 ¹
87 4022 158 4073 noxia
181 4023 234 4093 ejus
258 4024 338 4075 latera
360 4035 447 4073 contra
469 4020 508 4090 jus
535 4023 621 4090 sasque
647 4022 762 4074 caedenti
785 4021 975 4073 demonstravit.
1010 4020 1040 4071 ln
1063 4021 1120 4071 uelo
1143 4021 1191 4086 igi-

27 4187 28 4206 t

27 4231 29 4258 l

89 4117 242 4161 turete.-
278 4107 301 4158 6.
321 4105 394 4192 Mei.)
413 4104 518 4167 Me,A.

153 4207 175 4261 l·
192 4207 290 4280 Sipia)
308 4193 386 4261 Fentt
402 4207 429 4260 in
447 4206 477 4261 V·
495 4206 520 4257 J.
540 4235 571 4245 -
598 4198 627 4261 2.'
639 4205 825 4275 Igitur.)·8ed
845 4221 904 4257 ante
921 4205 1085 4275 promissum,
1102 4207 1132 4258 V.
1147 4204 1172 4257 J.

971 4297 993 4354 9
1071 4333 1075 4338 .
