2825 5009
219 345 264 416 28

154 528 190 579 ει
219 524 277 584 que
296 498 563 580 historiographum
582 497 804 557 Brittanuorum
819 490 866 554 ine
885 495 963 555 malo
990 514 1153 575 essequam
1171 493 1334 569 neminem,
1399 505 1400 508 ’

221 595 348 677 quamvis
368 592 443 653 adeo
462 590 561 670 plures
580 590 787 664 inveniantur,
806 590 857 668 qui
876 588 954 648 bunc
974 588 1108 649 laborem
1128 587 1200 648 mihi
1213 586 1332 666 injunc-

219 701 281 749 tum
310 687 397 747 satius
429 683 546 763 explere
576 694 730 763 poterant,
768 681 935 764 relegentes
969 681 1072 740 humili
1108 701 1197 761 prece
1227 699 1335 760 posco,

221 798 473 861 quorumcumque
504 797 588 837 aures
613 775 847 835 inconcinnitate
879 774 1036 837 verborum
1065 772 1240 847 oliendero,
1271 792 1333 851 quo
1399 831 1400 840 ,

219 874 335 939 veniam
364 871 508 949 majorum
537 879 609 931 voto
634 867 751 947 parenti
782 866 869 927 facile
895 865 1081 926 exauditione
1111 886 1146 925 ex
1172 865 1273 926 debito
1300 886 1333 925 se

156 1011 173 1037 „
220 966 360 1026 noverint
378 961 572 1043 praebituros.
593 962 723 1035 ‚Errant
741 980 867 1039 namque
891 959 1061 1021 multotiens
1085 960 1266 1040 impotentes
1286 958 1332 1017 el-

219 1058 329 1131 lectus,
349 1075 436 1135 quem
457 1074 570 1129 errare,
585 1054 609 1114 si
622 1064 737 1134 posset,
757 1073 818 1112 non
831 1051 941 1113 sineret
953 1050 1071 1113 fervens
1085 1053 1218 1117 allectus.
1259 1052 1331 1112 Ser·
1400 1105 1401 1110 ,

221 1154 281 1213 viat
311 1152 410 1229 itaque
437 1148 584 1209 sufficiens
610 1145 777 1223 caritas¹),·
800 1145 905 1225 quibus
927 1144 1073 1205 'sulficere
1107 1165 1169 1205 uon
1195 1148 1328 1226 potuerit

220 1242 379 1307 verborum
399 1261 532 1301 meorum
553 1238 733 1300 inconcinna
752 1235 937 1317 simplicitas,
956 1260 1012 1300 nec
1031 1240 1153 1303 vilescat
1167 1240 1198 1298 in
1214 1238 1332 1299 auribus
1400 1253 1401 1262 ¹

149 1346 155 1352 ”
221 1335 401 1397 audientium
421 1334 560 1394 historiae
579 1333 701 1407 veritas,
728 1352 812 1411 quam
840 1332 977 1412 imperito
1003 1334 1123 1414 linguae
1142 1353 1264 1396 vomere
1284 1354 1333 1392 ex·

163 1470 181 1504 ,-
220 1449 304 1489 arare
331 1428 372 1487 sic
397 1446 464 1487 ausa
489 1438 533 1485 est
558 1446 623 1486 mea
642 1424 801 1485 rusticitas.
839 1425 991 1505 Siquidem
1012 1428 1101 1487 tutius
1122 1437 1166 1487 est
1186 1425 1333 1487 salubrem

221 1519 392 1581 documenti
416 1519 548 1579 haustum
575 1518 712 1598 quolibet
735 1516 786 1577 vili
809 1520 927 1579 vasculo
948 1520 1086 1596 ebibere,
1108 1541 1194 1599 quam
1213 1520 1357 1579 mixtum‘

205 1614 309 1675 ¹melle
334 1612 426 1673 dulcis
452 1613 641 1693 eloquentiae
667 1603 813 1675 venenum
837 1613 983 1674 mendacii
1005 1632 1095 1673 aureo
1115 1612 1227 1693 poculo
1247 1632 1334 1693 prae-

218 1718 348 1789 gustare.

217 2008 218 2013 ¹
297 1988 361 2046 Nec
377 2000 449 2064 ergo
461 1996 492 2043 te
507 1984 626 2063 pigeat,
646 1982 772 2063 diligens
787 1982 898 2059 lector,
919 1986 1042 2046 excussis
1056 1985 1221 2047 verborum
1234 1983 1337 2066 paleis,

215 2078 361 2140 'historiae
387 2070 482 2158 grana
507 2074 616 2136 horreo
645 2074 807 2135 memoriae
838 2073 983 2155 condere;
1017 2079 1156 2159 quoniam
1184 2098 1246 2137 uon
1272 2079 1353 2157 quis,

219 2173 316 2247 dicat,
344 2182 394 2230 aut
419 2169 545 2252 qualiter
570 2170 697 2246 dicatur,
724 2168 776 2229 sed
797 2169 867 2247 quid
895 2170 1004 2230 dictum
1023 2172 1076 2248 sit,
1103 2170 1233 2236 veritatis
1252 2169 1336 2231 testi-

221 2265 324 2325 monio
344 2262 436 2347 magis
457 2263 666 2323 attendendum
682 2260 918 2341 esse-probatum
938 2284 1006 2322 nam
1025 2284 1081 2323 nec
1102 2264 1337 2328 contemtibilem

190 2357 201 2409 ἢ
221 2358 354 2418 aestimat
374 2374 536 2438 gemmam,
556 2365 713 2435 postquam
734 2356 770 2415 de
790 2376 902 2431 coeno,
922 2354 953 2414 iu
968 2376 1028 2435 quo
1041 2358 1188 2436 jacuerat,
1209 2360 1338 2437 extersit,
1403 2421 1404 2426 ,

216 2451 302 2530 'quod
332 2470 385 2509 suo
416 2448 554 2508 thesauro
586 2447 724 2531 dignatus
755 2459 799 2508 est
828 2450 1018 2529 postmodum
1053 2450 1190 2531 adjicere.
1237 2453 1337 2515 'Cedo
1403 2473 1404 2490 ³

219 2560 348 2622 namque
367 2540 527 2621 majoribus
549 2552 578 2601 et
597 2540 869 2620 eloquentioribus,
891 2543 1068 2624 quicumque
1080 2545 1215 2627 benigno
1231 2540 1339 2608 ardore
1393 2597 1397 2609 .

221 2638 335 2699 accensi
359 2647 485 2696 erratam
510 2634 628 2694 rixantis
653 2635 816 2715 linguae²)
842 2636 994 2697 materiam
1013 2638 1166 2699 Romanae
1188 2641 1337 2702 verriculo

218 2730 409 2810 eloquentiae
430 2728 551 2807 planare
571 2728 752 2802 studuerint,
778 2729 803 2788 si
827 2730 1030 2791 inconcussam
1059 2733 1339 2813 relinquerint‘bis-

222 2825 317 2883 toriae
349 2820 572 2897 columnellam,
612 2842 700 2899 quam
731 2823 820 2883 statui
849 2842 1032 2902 permanere.
1084 2811 1210 2908 Egimus
1228 2809 1339 2909 ,itaque

179 2986 186 2995 ,
221 2916 310 2991 haec,
330 2914 438 2975 nostris
450 2914 661 2974 infirmioribus
675 2915 894 2990 subveniendo,
914 2937 977 2976 non
990 2917 1150 2991 majoribus
1166 2922 1341 2999 invidendo,

112 3062 121 3075 ,
223 3008 472 3091 octingentesimo
501 3007 746 3087 quinquagesimo
773 3021 877 3069 octavo
904 3030 983 3069 anno
1003 3012 1180 3073 Dominicae
1203 3015 1342 3075 incarna-

218 3102 327 3177 tionis,
358 3100 502 3184 vigesimo
522 3112 594 3160 ve'ro
617 3113 724 3179 quarto
743 3102 872 3165 Mervini
890 3104 970 3185 regis
990 3104 1162 3180 Britonum3
1191 3109 1272 3188 cujus
1291 3110 1339 3171 la-

220 3194 302 3255 boris
321 3196 446 3274 pretium
461 3195 604 3272 majorum
618 3194 756 3275 precibus
778 3198 999 3275 recompensari
1019 3200 1149 3280 postulo.
1171 3200 1249 3279 ‚Sed
1264 3203 1339 3265 baec
1393 3230 1404 3245 ·

219 3288 360 3347 hactenus
381 3287 542 3365 praelibata
556 3286 718 3364 sufficiant3
738 3298 836 3348 cetera
855 3290 978 3370 supplex
999 3287 1170 3356 obedientia
1190 3317 1246 3375 pro
1266 3298 1339 3360 viri-

178 3403 182 3411 ·
219 3380 275 3449 bus
295 3378 453 3461 supplebit.

297 3568 326 3638 1)
343 3570 482 3630 Alacritas,
500 3543 538 3619 Μ
557 3600 588 3609 -
622 3568 647 3624 2.
664 3564 805 3625 Erratom
820 3574 947 3629 nitatem
966 3575 1103 3648 linguae.)
1119 3576 1261 3631 Exoratura
1283 3579 1340 3647 [ex-

220 3651 315 3707 araturi
321 3652 343 3721 ἓ]
361 3653 546 3707 barbariaautis
563 3655 663 3723 lingua,
679 3658 708 3711 L.

680 3872 882 3881 „w
