2825 5009
203 385 246 455 86
440 434 444 444 ,

280 541 357 604 LIX.
399 508 490 616 Quod
510 549 569 602 tres
589 539 749 620 petitiones
769 539 800 599 in
825 556 931 601 acervo
950 533 1010 620 Illy
1029 557 1045 599 a
1064 538 1197 600 Domiuo
1219 539 1318 619 iorpe-

203 636 342 710 traverit,
363 633 442 695 etin
462 633 562 713 speeie
582 633 676 697 avium
697 633 806 693 auima's
826 631 1057 693 Iliberuensiuur
1076 630 1205 691 fidelium
1225 632 1266 690 ael
1286 651 1321 692 oe

207 728 379 791 convenisse
399 727 515 787 viderit.
1203 783 1206 786 Α

157 879 159 885 .
283 820 344 883 LX.
385 819 478 896 Quod
508 829 650 899 quatuor,
681 831 725 878 et‘
743 819 847 898 quibus
875 818 988 894 molit,
1018 811 1144 880 Sanetus
1173 815 1323 878 Patricius

105 995 109 1000 Ι
207 913 305 995 Moysi
324 913 490 995 legislatori
510 923 698 992 comparetur
718 924 748 973 et
767 913 985 993 aequiparetur.

282 1005 360 1066 LXI.
399 1006 450 1066 De
476 1016 572 1066 morte
592 1006 746 1088 Uergini,
771 1018 802 1066 et
827 1007 907 1086 quod
931 1017 1000 1087 post
1025 1005 1088 1084 ejus
1108 1003 1221 1064 obitam
1241 1005 1324 1066 Oeta

210 1096 287 1158 filius
306 1099 368 1176 ejus
389 1099 484 1159 tenuit
503 1117 629 1180 regnum
650 1097 917 1160 Cantuorieusium.

176 1259 180 1264 ⁵
283 1189 378 1249 LXII.
417 1191 464 1250 De
491 1193 601 1250 Arturo
626 1211 697 1272 rege
723 1191 886 1273 belligero,
916 1191 1009 1252 etde
1043 1188 1198 1250 duodecim
1224 1189 1326 1268 hellis,

209 1299 284 1361 qnae
304 1284 440 1358 alpertus
462 1281 592 1342 Saxones
611 1282 728 1355 habuit3
748 1295 778 1344 et
798 1285 834 1344 de
853 1283 982 1366 imagine
1001 1288 1120 1373 iunctae
1139 1283 1269 1360 Mariae,-
1289 1286 1323 1343 in

208 1393 265 1453 que
290 1374 530 1460 triumphayerit‚
560 1387 589 1435 et
615 1387 688 1456 quot
712 1377 943 1439 adversariorum
967 1397 1026 1437 una
1051 1378 1163 1458 impetu
1187 1387 1323 1458 prootra-

209 1469 295 1530 verit.

282 1561 394 1626 LXIII.
429 1565 521 1640 Quod
536 1564 666 1624 Saxones
680 1582 798 1643 semper
816 1575 847 1624 et
866 1565 928 1624 siue
948 1563 1168 1624 intermistione
1187 1565 1226 1625 tle
1240 1564 1325 1626 Get-

207 1655 303 1714 mania
331 1667 435 1715 contra
455 1657 592 1716 Britones
612 1656 748 1716 auxilium
769 1657 926 1735 petebant,
952 1669 982 1717 et
1007 1657 1210 1738 multipliciter
1228 1679 1327 1742 auge·

207 1746 332 1822 bantur,
362 1758 392 1808 et
415 1766 514 1810 seeum
540 1767 642 1832 reges,
672 1760 705 1808 ut
730 1761 892 1830 regnarent
908 1767 1005 1836 ⁴super
1029 1755 1097 1825 eos,
1126 1748 1326 1829 deotreeltaut,

109 1848 113 1856 ‘
208 1855 302 1919 usque
322 1841 357 1900 ad
378 1841 446 1918 Itla,
467 1843 517 1922 qui
537 1845 648 1923 primus
668 1843 805 1924 regnauit
822 1843 854 1902 iu
873 1845 1019 1905 Beruieia.

283 1933 389 1994 LXIV.
422 1933 469 1996 De
483 1936 536 1995 Ida
556 1936 651 2015 primo
667 1935 937 1997 Northumbrorum
957 1953 1039 2016 rege,
1059 1946 1090 1994 et
1109 1937 1176 2015 ejus
1195 1956 1328 2017 genem

210 2035 240 2084 et
260 2024 296 2084 de
316 2024 418 2086 Sancti
438 2026 554 2086 Paulini
575 2029 788 2108 archiepiscopi
808 2029 990 2109 baptismate.

284 2117 375 2179 LXV.
416 2118 502 2196 Quae
522 2121 581 2180 siut
606 2121 729 2182 nomina
748 2122 854 2204 viginti
878 2133 910 2182 et
933 2133 1002 2184 oeto
1029 2122 1177 2186 civitatum
1201 2125 1320 2204 praeci-

212 2230 335 2290 puarum
354 2207 534 2275 Britanniae.

615 2449 782 2572 Euplioioot
809 2498 914 2572 capitu.
