2825 5009
224 304 285 374 sse
329 261 332 266 ’

223 465 331 542 eampis
352 483 471 543 quoqne
493 463 586 544 fulget
605 462 662 521 late
684 465 779 542 pansis
794 463 979 543 collibusque
993 483 1118 524 amoeno
1139 463 1196 524 situ
1216 463 1323 538 locatis,

222 555 420 636 praepollenti
446 555 578 614 culturae
603 555 694 634 aptis,
723 556 933 636 montibusque
958 556 1137 618 alternandis
1163 556 1324 616 animalium
1383 624 1384 627 Ἴ

223 648 353 728 pastibus
374 649 483 728 optime
509 647 770 723 convenientibus,
796 650 964 728 quorum¹)
990 649 1171 711 diversorum
1196 649 1324 710 colorum

222 741 313 800 flores
340 740 472 800 humanis
492 739 638 821 gressibus
659 741 782 820 pulsati,
807 763 868 802 non
894 735 1079 802 indecentem
1106 742 1256 820 quondam
1274 762 1325 800 cen

223 833 367 912 picturam
382 834 488 894 eisdem
499 837 530 908 ²)
551 833 815 912 imprimebant³);
835 835 928 893 electa
941 834 1032 894 veluti
1050 854 1157 912 sponsa
1171 833 1324 893 monilibus
1383 898 1385 917 .

227 925 347 984 diversis
374 937 494 998 ornata,
524 925 655 986 fontibus
675 927 794 1001 lucidis,
826 926 980 1002 crebris⁴)
1008 927 1093 986 undis
1117 927 1217 988 niveas
1240 927 1325 987 veluti
1383 938 1385 1012 fi

224 1015 337 1097 glareas
356 1017 578 1126 palantibqsi),
604 1019 815 1099 pernitidisque
840 1018 908 1078 rivis
933 1017 992 1077 leni
1017 1039 1164 1078 murmure
1184 1021 1324 1100 serpenti·
1383 1018 1385 1055 l

1383 1060 1385 1109 l

225 1108 289 1184 bus,
304 1129 487 1188 quorumque
500 1111 529 1168 in
545 1111 614 1190 ripis
629 1111 838 1178 accubantibus
848 1114 896 1187 ⁰)
899 1109 993 1170 suavis
1006 1111 1121 1189 soporis
1131 1113 1163 1187 ⁷)
1183 1111 1323 1192 pignusl)

226 1201 499 1310 praetendentibus,
519 1215 549 1262 et
568 1203 686 1264 lacubus
707 1203 844 1310 frigidum
857 1223 949 1282 aquae
963 1213 1125 1262 torrentem
1139 1201 1221 1265 vivae
1242 1224 1325 1263 erun·
1383 1214 1385 1281 g

227 1294 405 1368 dantibus,
396 1295 516 1376 irrigua.

720 1513 819 1606 §.a

303 1643 396 1718 Haec,
417 1643 527 1702 erecta
530 1636 641 1701 cervice
657 1653 687 1701 et
705 1653 815 1716 mente,
837 1661 870 1700 ex
884 1641 985 1719 quol)
1006 1626 1164 1700 inhabitata
1180 1655 1233 1718 est,
1253 1665 1325 1704 nune
1383 1622 1384 1709 i

225 1736 310 1810 Deo,
335 1735 481 1795 interdum
503 1735 631 1812 civibus,
658 1754 868 1812 nonnunquam
890 1733 976 1792 etiam
996 1734 1194 1794 transmarinis
1213 1737 1325 1818 regibus

227 1841 257 1887 et
276 1829 489 1906 subjeetrsll)
509 1829 738 1935 interdum¹¹)
735 1827 859 1908 ingrata
879 1825 1040 1906 consurgit
1077 1816 1163 1898 Quid
1182 1849 1259 1887 emm
1278 1831 1324 1888 de·

226 1922 365 1996 formius,
396 1920 559 2000 quidque
551 1919 678 2000 iniquius
703 1931 802 1998 potest
826 1919 958 1978 humanis
983 1917 1097 1978 ausibus
1122 1919 1168 1981 vel
1199 1941 1259 1980 csse
1279 1921 1324 1981 rel

225 2014 382 2073 intromitti
402 2012 566 2093 negotium,
586 2033 672 2091 quam
684 2011 753 2072 Deo
767 2012 914 2087 timorem,
934 2011 1020 2071 bonis
1040 2012 1151 2071 civibus
1171 2013 1324 2101 caritatem²

225 2107 256 2165 in
277 2107 380 2166 altiore
402 2105 550 2188 dignitate,
565 2105 810 2182 compositis¹²),
831 2102 939 2181 absque
961 2103 1029 2163 fidei
1050 2104 1227 2165 detrimento
1248 2105 1324 2164 debi-

226 2211 287 2258 tum
321 2201 468 2279 denegare
501 2199 644 2257 bonorem
674 2207 704 2256 et
728 2196 865 2276 frangere
892 2196 992 2256 divino
1022 2196 1119 2256 sensui
1144 2196 1323 2277 humanoque

1383 1905 1385 1965 l

225 2293 328 2366 fidem,
349 2303 388 2366 et,
408 2290 524 2368 abjecto
545 2288 622 2350 coeli
642 2300 672 2348 et
691 2300 787 2348 terrae
814 2300 909 2366 metu,
929 2290 1055 2369 propriis
1075 2289 1325 2349 adinventionibus
1383 2292 1385 2373 j

227 2385 351 2464 aliquem
373 2384 467 2460 ειη)
488 2380 657 2442 libidinibus
677 2382 762 2462 regi?
788 2382 954 2464 'Igitur¹⁴)
976 2383 1114 2442 omittens
1134 2381 1200 2441 illos
1220 2383 1324 2462 priscos
1383 2430 1384 2445 2

227 2498 455 2556 communesque
480 2499 544 2536 cum
571 2475 704 2534 ournibus
730 2475 867 2556 gentibus
894 2496 1025 2550 errores,
1057 2475 1161 2554 quibus
1186 2487 1254 2535 ante
1276 2477 1324 2534 ad·
1383 2502 1384 2529 ;

226 2584 346 2632 ventum
368 2570 477 2630 Christi
497 2570 526 2628 in
555 2590 642 2629 carne
671 2589 759 2627 omne
786 2569 941 2629 humanum
961 2589 1054 2650 genus
1079 2567 1322 2675 (ιΙιΙίςιΙιιῑιιιΗ)
1383 2574 1384 2619 ἰ

226 2651 410 2736 adstrictum,
441 2683 496 2722 nec
522 2682 693 2722 enumerans
718 2661 829 2740 patriae
856 2661 1097 2741 portenta¹⁰)
1087 2682 1151 2740 ipsa
1175 2661 1323 2736 diabolica,

226 2779 302 2837 pene
323 2775 446 2815 numero
466 2755 613 2815 vincentia
633 2756 890 2835 Aegyptiaca,-
913 2776 1041 2847 quorum
1050 2753 1322 2862 meallQe

201 2850 338 2948 'mentis
349 2848 454 2958 adbuc
472 2846 652 2958 deformibus
678 2849 754 2952 intra
776 2848 828 2952 vel
842 2860 937 2955 ιιιῑιει
958 2833 1074 2959 deserta
1097 2847 1215 2909 moenia
1238 2847 1321 2908 solito
1383 2844 1384 2847 '

228 2999 426 3013 ...υ-ι...-

294 3097 317 3150 1.
336 3097 459 3161 Quorum
477 3123 508 3136 ·-
526 3093 745 3166 imprimebant.)
764 3095 817 3165 Qui
835 3095 995 3149 diversorum
1013 3097 1131 3149 colorum
1147 3097 1253 3150 floribus
1263 3097 1322 3164 grati

223 3184 365 3234 redduntur
381 3181 496 3231 humanis
513 3180 622 3242 visibus,
640 3179 741 3232 Mabill.
759 3211 792 3221 -
825 3181 850 3234 2.
867 3179 1001 3252 Eisdem.)
1025 3183 1063 3244 A,
1086 3181 1162 3246 gloss.
1196 3180 1322 3234 Montibus

151 3273 156 3286 ⁸
226 3267 398 3318 ostendebant.
418 3294 450 3304 -
484 3263 510 3318 3·
527 3264 748 3335 Impeimebant.)
766 3265 940 3334 Imprimebat,
957 3267 988 3330 J;
1006 3266 1144 3330 signabant,
1160 3268 1194 3329 A,
1210 3267 1322 3333 gloss.—

224 3353 248 3404 t.
269 3347 399 3416 Crebris.)
418 3345 571 3415 Crebrisquc
588 3349 688 3412 gaudet,
706 3352 842 3418 exquibus
858 3350 936 3402 rivuli
953 3349 1004 3401 leni
1021 3370 1152 3402 murmure
1168 3351 1322 3420 serpentibus

223 3455 299 3488 suave
321 3433 411 3502 pignus
433 3431 533 3500 soporis
556 3431 674 3484 tribuunt'
693 3432 833 3486 viatoribus
855 3435 940 3499 fessis;
967 3436 1079 3486 duorum
1097 3435 1174 3489 etiam
1198 3436 1267 3488 ostiis
1284 3434 1323 3506 [9,

224 3518 350 3589 11-1t]
373 3515 533 3585 aliorumque
554 3515 689 3568 fluminum
713 3517 843 3569 minorum
864 3519 992 3571 infusione
1014 3519 1145 3585 irrigatur,
1167 3519 1267 3572 Manitl.
1290 3547 1320 3560 -

175 3653 184 3662 ,
222 3605 247 3657 5.
264 3600 501 3668 Potesttamen)
509 3601 610 3664 ,.gloss
630 3601 812 3668 revelantibus;
834 3604 1003 3672 pellentibus·
1026 3604 1068 3669 V;
1084 3603 1165 3655 J.·-
1199 3603 1223 3657 6.
1240 3603 1324 3658 ΑΜ·

224 3677 373 3752 luteribus.)
390 3683 596 3780 Occupantibqs,
614 3685 644 3746 A,
663 3685 739 3750 gloss,
757 3718 791 3728 -
825 3687 848 3740 7.
866 3687 997 3784 Superis.)
1015 3688 1133 3758 Saporis,
1149 3691 1187 3751 A,
1211 3689 1324 3740 uffenbar
1383 3678 1384 3683 ¹

222 3774 249 3824 in
274 3769 420 3832 Beriebung
450 3769 496 3818 aul
524 3755 565 3820 die
593 3769 753 3836 Auslegung,
779 3771 821 3822 die
847 3772 906 3823 dem
936 3773 1032 3841 pignus
1051 3775 1164 3840 gegeben
1195 3773 1268 3831 vird.
1291 3801 1322 3814 -

222 3856 246 3910 8
264 3847 391 3924 Piguan.)
410 3851 498 3914 Piscis,
515 3853 546 3913 A,
564 3853 689 3917 gloss.-
712 3854 736 3906 9.
755 3855 835 3924 Quo.)
853 3857 992 3926 Tempore,
1005 3859 1037 3920 A,
1052 3860 1178 3923 gloss.-
1202 3858 1242 3913 11)
1257 3855 1322 3912 Sub-

216 3940 322 4009 jecte's.)
340 3937 445 3991 Scilicet
461 3936 615 3999 horninibus,
633 3939 664 3999 A,
681 3939 808 4003 gloss.·-
834 3941 874 3994 ll.
891 3941 1057 4012 Interdum.)
1075 3944 1176 3996 Feblt
1169 3964 1195 3996 m
1210 3944 1280 4006 ΒΝ.
1290 3971 1320 3983 -

223 4023 263 4076 12.
283 4021 463 4091 Compositis.)
479 4021 588 4084 Positis,
605 4023 636 4084 V,
654 4023 678 4074 J.
700 4053 731 4064 -
767 4024 806 4078 13.
824 4023 894 4089 Ee.)
912 4027 960 4088 Et,
979 4028 1016 4090 Β,
1033 4030 1064 4080 V.
1083 4059 1115 4070 -
1150 4028 1191 4083 ll.
1207 4027 1319 4097 Igitur.)

222 4105 304 4171 igitur
326 4125 391 4167 non,
418 4106 450 4158 G.
473 4135 506 4144 -
541 4105 588 4160 15.
607 4104 819 4178 Otlr'gututur.)
846 4109 994 4176 Obligatus,
1021 4116 1052 4164 A.
1078 4145 1110 4155 -
1146 4111 1187 4166 16·
1204 4112 1319 4166 Patriae
1383 4106 1384 4109 ¹

213 4190 374 4259 pertenta.)
392 4188 536 4242 Britanniae
554 4190 637 4252 idola,
659 4194 696 4254 A,
714 4193 789 4256 gloss.
