2825 5009
225 349 286 418 tto

233 631 364 787 At
384 690 452 771 quid
472 690 505 749 iu
524 690 761 771 nequitiae-tuae
779 691 906 752 volveris
925 703 1038 753 vetusta
1064 691 1162 766 laese,
1187 699 1219 749 et
1236 700 1279 751 tu,
1291 687 1333 750 ab

15 623 441 902 §Mobsuestia
461 783 562 857 aunis,
581 803 647 844 urse
667 783 827 844 multorum
847 803 959 861 sessor,
978 785 1139 866 aurigaque
1158 803 1260 844 currus
1277 800 1335 862 re-

95 955 99 960 .,
114 873 166 936 ,-”””
224 877 369 960 septaculi
389 877 464 949 ursi,
484 875 541 935 Dei
562 885 731 935 contemtor
748 875 894 954 sortisque
907 878 935 954 ¹)
956 877 1018 955 ejus
1039 879 1215 957 depressor,
1235 879 1334 936 Orate-

89 965 92 972 ’
222 975 362 1054 plum),
387 969 519 1028 Romana
540 968 640 1048 lingua
660 968 755 1028 lanio
781 967 879 1029 lutee?
920 969 1023 1043 Quare
1046 980 1161 1030 tantum
1180 977 1333 1030 certamen

223 1078 283 1126 tana
303 1060 470 1126 hominihus
489 1080 575 1138 quam
595 1059 663 1118 Deo
684 1047 833 1138 praestasl
865 1055 1051 1137 homiuibus,
1077 1061 1187 1122 civibus
1206 1059 1334 1133 seilicet,

224 1157 309 1218 armis
335 1152 555 1231 exitialibus³),
579 1153 646 1211 Deo
672 1151 793 1212 infinitis
818 1153 997 1214 sceleribus?
1038 1154 1120 1229 Quid
1144 1163 1261 1234 praeter
1280 1152 1333 1210 in-

224 1245 420 1310 numerabiles
447 1265 543 1318 esses,
572 1243 692 1324 propria
722 1265 812 1305 uxore
837 1245 934 1324 pulsa,
964 1246 1134 1308 furciferam
1158 1263 1331 1330 germanam

187 1355 194 1366 ·
225 1341 302 1419 ejus,
331 1349 504 1420 perpetuam
528 1336 596 1396 Deo
625 1335 772 1397 viduitatis
804 1338 1004 1400 castimoniam
1029 1340 1266 1419 promittentem,
1295 1347 1333 1396 ut

223 1433 318 1494 Poeta
338 1432 394 1508 ait,
413 1449 552 1492 summam
574 1448 628 1489 ceu
647 1429 875 1491 teneritudinem
895 1428 1105 1494 coelicolarum
1124 1423 1333 1513 nympharum,

223 1538 286 1587 tota
307 1523 396 1585 animi
407 1522 611 1596 veneratione,
630 1521 678 1582 vel
698 1523 797 1600 potius
810 1523 1001 1600 hebetudine,
1020 1537 1124 1586 conus
1138 1524 1332 1586 interdictum

224 1615 404 1697 Apostoli⁴)
425 1614 597 1696 denegantis
617 1634 704 1692 posse
723 1615 872 1677 adulteros
892 1615 979 1696 regni
999 1615 1133 1676 coelestis
1153 1637 1216 1679 esse
1228 1617 1329 1678 muni-

138 1761 141 1767 .
225 1711 315 1790 cipes,
335 1707 473 1785 suspicis?
513 1706 595 1780 Quid
615 1707 739 1788 gemitus
758 1717 847 1785 atque
867 1707 991 1786 suspiria
1015 1719 1184 1769 sauctorum
1203 1720 1334 1790 propter

224 1814 254 1864 te
280 1799 477 1882 corporaliter
508 1800 760 1873 moerentium),
788 1799 852 1858 viee
881 1800 1014 1860 immanis
1044 1800 1164 1860 leaenae
1194 1801 1333 1862 dentium

224 1913 288 1954 ossa
308 1905 359 1952 tua
380 1889 557 1972 quandoque
583 1891 788 1967 fracturae⁶),
813 1891 924 1952 crebris
948 1892 1069 1974 instigas
1095 1892 1225 1970 injuriis?
1261 1893 1332 1953 De-

224 1988 297 2062 sine,
318 2005 438 2066 quaeso,
457 1995 490 2042 ut
503 1984 695 2064 Propheta⁷)
716 1985 765 2058 ait,
785 1984 821 2043 ab
841 1984 895 2058 ira,
915 1995 946 2044 et
965 1984 1137 2065 derelinque
1151 1984 1331 2045 exitiabilem

224 2100 257 2138 ac
277 2077 465 2157 temetipsum
485 2088 708 2151 maceraturum,
729 2097 815 2154 quem
835 2075 922 2136 coelo
942 2097 977 2136 ac
995 2087 1092 2135 terrae
1106 2076 1178 2154 (hoe
1193 2089 1237 2137 est
1246 2077 1333 2153 Deo,

224 2172 367 2255 gregique
393 2170 470 2248 ejus)
490 2170 599 2250 spiras,
625 2169 765 2229 sororem.
805 2169 863 2229 Fac
888 2189 940 2228 eos
960 2168 1057 2246 potius
1083 2169 1199 2230 mutatis
1219 2181 1332 2248 prote

224 2285 310 2326 orare
326 2263 468 2336 moribus,
489 2262 592 2340 quihus
612 2273 741 2340 potestas
760 2261 893 2341 suppetit
910 2281 996 2341 supra
1018 2265 1157 2323 muudum
1177 2261 1333 2343 alligandi,

224 2379 289 2416 cum
315 2353 477 2432 inmundo
503 2373 571 2428 reos
591 2353 789 2432 alligaverint,
819 2366 850 2415 et
874 2355 1023 2430 solvendi,
1053 2376 1119 2416 eum
1139 2354 1332 2436 poenitentes

224 2447 374 2510 solverint.
413 2445 501 2520 Noli,
519 2457 552 2504 ut
571 2446 612 2506 ait
630 2446 843 2524 Apostolum),
862 2448 988 2527 superbe
1007 2467 1122 2529 sapere,
1140 2447 1189 2510 vel
1207 2467 1341 2527 sperare.

224 2543 255 2601 in
275 2541 392 2602 incerto
408 2539 583 2614 divitiarum,
602 2539 653 2600 sed
674 2540 704 2601 in
718 2542 797 2616 Deo,
817 2538 1008 2619 qui-praestat
1020 2541 1075 2600 tihi
1089 2539 1180 2600 molta
1199 2541 1333 2617 abunde,

224 2645 263 2694 ot
278 2655 333 2714 per
353 2631 595 2693 emendationem*
611 2651 726 2692 morum
749 2632 927 2692 thesaurizes
950 2633 1005 2691 tihi
1029 2633 1249 2694 fundamentum
1269 2635 1332 2693 hn-

222 2748 291 2784 num
319 2726 349 2784 in
376 2725 522 2799 futurum,
548 2735 578 2784 et
604 2724 712 2784 habeas
736 2740 834 2785 veram
855 2725 958 2799 vitam,
985 2746 1164 2804 perennem,
1188 2726 1331 2806 prolecto

221 2838 283 2878 non
309 2817 476 2891 deciduam3
506 2816 636 2896 alioquin
664 2817 752 2892 scies,
778 2828 808 2875 et
828 2815 939 2877 videbis
964 2819 1050 2878 etism
1074 2819 1104 2877 iu
1131 2819 1190 2878 hoe
1213 2820 1332 2896 seculo,

192 2937 195 2944 ·
222 2931 308 2989 quam
328 2909 434 2968 malum
456 2920 486 2968 et
505 2929 632 2968 aurarum
651 2909 689 2967 sit
708 2908 859 2988 reliquisse
878 2921 909 2968 te
922 2910 1083 2970 Dominum
1097 2922 1191 2988 tuum,
1209 2923 1241 2972 et
1259 2933 1329 2972 non

223 3022 284 3063 esse
304 3001 439 3061 timorem
463 3002 526 3074 ejus
552 3000 628 3081 apud
653 3013 700 3076 te,
732 3014 763 3061 et
789 3004 820 3061 in
847 3002 963 3078 futuro,
990 3016 1068 3064 tetro
1095 3005 1205 3085 ignium
1230 3005 1330 3086 globo

221 3106 410 3155 aeternorum
431 3105 459 3154 te
481 3095 569 3168 exuri,
590 3115 645 3156 nec
665 3105 764 3155 tamen
784 3093 847 3157 ullo
868 3097 957 3156 modo
978 3097 1063 3156 mori.
1092 3097 1244 3176 Siquidem
1264 3108 1330 3158 tam

220 3187 521 3248 sceleratorumsiut
551 3187 697 3268 perpetim
711 3189 742 3265 ⁹)
775 3190 954 3252 immortales
984 3190 1048 3271 igni
1077 3189 1205 3266 animae,
1237 3211 1330 3268 quana

220 3291 387 3340 sanctorum
409 3279 568 3340 laetitiae.“
998 3279 1003 3282 ’

734 3403 762 3488 s.
782 3411 810 3472 r.

297 3516 403 3592 „Quid
425 3527 456 3578 tu
477 3512 569 3593 euim,
596 3514 730 3578 insularis
751 3517 858 3592 draco,
878 3517 1037 3580 multorum
1057 3531 1249 3600 tyrannorum
1272 3520 1330 3579 de-

219 3607 321 3690 pulsor
353 3619 412 3668 um
441 3629 536 3690 reguo
567 3629 652 3689 quarn
683 3610 770 3670 etiam
801 3610 875 3686 vita,
905 3611 1137 3697 supradictorum
1168 3613 1332 3676 novissime

288 3800 491 3870 1.S0rtisptte.)
509 3802 733 3872 V3lotisque,ll.
763 3804 847 3856 Usher
865 3803 987 3858 erliutert
1006 3827 1032 3860 es
1049 3809 1131 3861 durch
1149 3807 1228 3871 Cleri,
1243 3808 1332 3863 Priru.

219 3904 245 3954 p.
257 3883 315 3939 543.
334 3915 366 3925 -
402 3884 426 3939 2.
447 3884 622 3954 ernegum.)
641 3887 668 3938 s.
687 3886 784 3956 oster,
802 3888 882 3942 unm.
899 3890 1000 3958 psas
1019 3881 1051 3932 -’
1085 3892 1334 3965 anetensem.)

218 3967 414 4035 Spiritualihus,
431 3968 468 4033 B;
491 3968 658 4037 specialibus,
675 3971 717 4036 Ἲς
738 3971 835 4036 Usher,
852 3973 930 4026 Prien.
948 3994 974 4044 p.
992 3975 1051 4030 543.
1070 4002 1102 4014 -
1136 3976 1162 4030 d.
1179 3977 1333 4048 Apostoll.)

219 4051 278 4104 Gal.
295 4052 327 4114 V,
345 4051 386 4106 21.
405 4081 437 4092 -·
463 4052 487 4104 5.
505 4050 711 4122 diserentium.)
729 4055 899 4118 versantium,
915 4058 996 4112 Prien.
1012 4079 1039 4127 p.
1055 4059 1115 4114 543.
1134 4087 1166 4104 -·
1194 4060 1220 4114 6.
1236 4061 1335 4118 ΡΜ·

220 4136 326 4205 tnrae.)
343 4136 474 4196 Fructum,
484 4135 517 4186 V.
536 4165 567 4176 -
596 4137 619 4190 7.
639 4136 802 4208 Propheta.)
819 4139 991 4203 anvr,
1007 4141 1032 4198 8.
1052 4171 1084 4184 -·
1110 4143 1334 4217 &Apostolum

178 4221 181 4224 ’
218 4216 313 4268 I'l'im.
329 4219 379 4280 Vl,
398 4219 438 4273 17.
457 4245 487 4255 -
523 4219 547 4273 9.
566 4219 727 4290 Perpetem.)
745 4221 862 4290 Perpau,
879 4225 912 4276 V.
