2825 5009
148 361 151 368 .
207 323 270 392 tot

285 479 343 538 Die
364 499 400 536 an
423 477 572 536 Cuthbert
590 475 741 549 Tanstall,
759 473 885 534 trisetot
901 493 961 532 uon
979 475 1124 547 Londor,
1149 471 1324 554 gericbtete

208 571 343 632 Vorrede
357 571 388 646 ¹)
407 569 523 628 helehrt
540 588 606 642 uns,
627 569 690 628 dass
710 588 744 626 er
762 566 812 626 bei
831 564 1023 645 Herstellung
1042 566 1092 624 des
1109 568 1217 626 'l’extes
1237 565 1325 624 nwei

206 663 296 728 MSS.
322 663 497 736 auwandte,
523 662 586 720 dass
612 661 666 722 der
688 659 898 741 Heransgeber
921 658 970 720 die
995 658 1211 739 hnfubrangen
1237 657 1327 716 nach

208 759 274 822 dem
301 756 380 818 alten
405 755 474 816 und*
492 773 592 817 neuen
610 753 801 818 Testamenta
826 752 1071 830 rerbeeserte2),
1097 752 1159 813 uad
1187 751 1254 813 dass
1285 770 1328 808 er

206 989 281 1055 chus,
302 989 344 1043 ιιιὶ
361 991 488 1063 Sapientis
506 1003 704 1058 cognomentum
725 1002 763 1042 est
786 987 912 1052 inditum,
933 987 965 1040 de
984 985 1138 1051 calamitate,
1164 987 1267 1052 excidio
1292 1000 1327 1039 et

208 1090 349 1148 conquestu
365 1075 518 1143 Britanniae,
537 1093 613 1173 quam
623 1073 741 1141 Angliam
757 1091 826 1125 nnnc
842 1085 942 1136 vocant,
959 1085 1050 1125 auctor
1064 1085 1178 1124 retusam
1195 1089 1211 1122 a
1226 1070 1326 1122 multis

204 1161 253 1214 diu
270 1161 439 1226 desideratus,
457 1173 483 1213 et
499 1179 582 1230 nuper
598 1159 625 1212 in
641 1158 747 1226 gratiam
762 1157 798 1211 l)
816 1157 952 1212 cuthberti
967 1154 1110 1224 Tonstalli,
1126 1154 1324 1208 Londoniensis

205 1241 336 1316 episcopi,
352 1246 471 1298 formulis
488 1263 601 1298 excusus
621 1270 653 1284 -
765 1263 785 1282 ·-

276 1329 330 1398 1),
330 1325 475 1398 ,Polydori
496 1327 614 1398 Vergttts·
636 1326 821 1382 Πιιιιιιιΐι
806 1343 839 1382 ιιι
862 1324 977 1381 mm
991 1325 1152 1396 Sapientem
1173 1321 1215 1378 ad
1228 1322 1326 1378 Cuth-

208 1410 320 1487 bertum
346 1411 535 1477 Torrentem,
561 1408 767 1468 Louduenuu
787 1414 943 1482 episcopm
962 1409 1121 1477 Ρνιιίιιίο.
1144 1433 1179 1461 ,ι-
1213 1408 1325 1464 Abhinc

207 1497 307 1566 aliquot
324 1515 416 1561 anuos,
441 1517 501 1550 cmn
520 1515 567 1564 ego
585 1515 628 1548 me
644 1497 678 1551 ad
694 1495 838 1551 Historiam
853 1493 987 1563 Angliom
1002 1493 1164 1548 seribendm
1178 1492 1326 1556 deditum.

207 1579 313 1651 ejusque
329 1581 367 1631 rei
385 1600 459 1633 causa
475 1581 642 1651 postmodum
658 1580 770 1631 Annales
787 1578 885 1630 assidue
902 1578 1058 1644 evolverem,
1074 1575 1125 1642 legi
1141 1576 1226 1648 primo
1244 1578 1326 1648 apud

206 1664 319 1726 Bedam,
337 1663 497 1726 Gulielmum
514 1665 704 1730 Newburgum,
727 1664 863 1732 quemdam
883 1661 1047 1725 historicum,
1069 1659 1174 1712 nomine
1198 1660 1323 1724 Gildam,

134 1781 138 1788 ι
208 1748 346 1837 quondam
355 1748 477 1800 flebiliter
495 1767 600 1800 suomm
616 1747 802 1800 Britannorum
818 1747 989 1800 calamitatem
1004 1746 1101 1816 pariter
1117 1759 1194 1815 atque
1209 1760 1327 1814 peccata

208 1811 360 1901 deplorasse.
396 1831 458 1900 Quo
483 1832 599 1898 cognito,
625 1830 661 1882 nil
684 1830 748 1885 mihi
769 1833 858 1903 potius
884 1831 949 1895 suit,
967 1851 1050 1901 quam
1077 1849 1136 1882 eum
1164 1826 1326 1894 inuestigare

205 1928 350 1978 auctorem,
373 1935 449 1986 quem
472 1915 548 1996 nobis
565 1915 712 1987 adjumento
734 1915 864 1986 forciam
885 1930 941 1968 tum
960 1915 1031 1984 quasi
1053 1927 1191 1984 procerte
1209 1915 1327 1965 habere-

205 2017 277 2062 mus,
295 2019 339 2068 qut
331 1997 433 2064 longo
443 2015 511 2069 post
527 2014 645 2070 tempore
662 2001 765 2052 tandem
782 2001 847 2053 mihi
865 1998 997 2072 quaerenti
1014 1998 1041 2048 in
1057 2017 1147 2050 manus
1161 1995 1269 2062 incidit,
1287 2019 1328 2050 ex

206 2101 267 2151 quo,
285 2096 314 2134 ut
331 2101 421 2135 verum
438 2083 525 2147 fatear,
543 2083 619 2152 longe
636 2085 782 2137 mehercule
799 2085 883 2136 minus
901 2084 959 2154 cepi
976 2083 1083 2144 finctum
1099 2102 1177 2152 quam
1188 2095 1327 2150 putaram,
1346 2081 1351 2086 ’

207 2167 278 2236 quod
295 2167 341 2218 ille
358 2167 386 2219 in
402 2167 509 2221 historia
525 2171 667 2222 admodum
684 2168 769 2221 breuis
784 2170 870 2221 fuerit
904 2171 940 2220 At
957 2179 994 2230 tu,
1013 2167 1101 2236 opime
1119 2166 1254 2242 episcope,
1273 2170 1328 2238 qui

204 2251 314 2303 maxime
337 2253 454 2306 omnium
476 2255 503 2308 in
524 2274 580 2306 rem
602 2253 740 2306 literarium
757 2252 880 2318 agendam
903 2249 1063 2302 continenter
1084 2249 1224 2315 incumbis,
1248 2251 1328 2304 hand

205 2333 289 2385 multo
311 2349 371 2403 post
392 2339 501 2390 altemm
524 2338 641 2392 codicem
663 2335 783 2388 omnibus
804 2335 918 2402 vestigiis
938 2335 1086 2402 indagatam
1109 2333 1234 2407 reperisti.
1276 2337 1326 2388 Ita

204 2420 274 2474 tama
295 2420 387 2474 ueteris
408 2423 520 2482 auctoris
541 2406 638 2478 inventi
657 2421 732 2474 breui
753 2421 787 2472 ad
809 2419 926 2472 omniun
949 2422 1076 2473 bonamm
1102 2421 1195 2475 artium
1215 2421 1327 2474 studiu-

205 2503 366 2560 sissimosuur
382 2519 455 2560 aurea
471 2507 547 2562 facile
563 2507 694 2577 pervenit,
711 2519 862 2575 tantumque
878 2501 934 2573 eius
951 2505 1107 2558 desiderium
1123 2504 1199 2566 feeit,
1214 2517 1246 2556 ut
1261 2505 1327 2573 pla-

206 2590 289 2642 cuerit
304 2592 406 2644 tandem
424 2591 564 2662 aliquando
581 2590 687 2658 vulgari,
705 2591 748 2642 vel
765 2609 795 2642 ea
811 2591 845 2642 de
862 2607 944 2652 ιιιιιι,
961 2603 991 2642 ιιι
1008 2588 1135 2644 dilaceres
1150 2589 1218 2642 fraus
1232 2590 1327 2643 nehar-

205 2674 272 2726 lonis
289 2676 401 2745 pessimi,
419 2677 462 2745 qui
479 2675 566 2746 paucio
583 2688 642 2726 ante
659 2673 739 2737 annis,
756 2693 787 2724 ex
804 2672 935 2743 eujusdam
952 2658 1078 2724 Gaufredi
1094 2673 1197 2744 scriptis
1212 2673 1325 2726 brevia-

206 2759 275 2809 rium
292 2773 480 2828 composuerat,
497 2759 613 2829 illudque
631 2757 726 2811 Gildae
743 2756 872 2854 Sapientis
888 2758 953 2809 falso
972 2758 1156 2828 compendium
1172 2756 1323 2826 scripserat

168 2832 170 2836 ¹
207 2842 294 2910 Quare
311 2857 354 2906 tu,
371 2863 423 2894 non
440 2843 520 2895 modo
539 2835 669 2904 indicem,
686 2843 732 2894 sed
749 2841 826 2896 etiam
842 2842 938 2893 laboris
956 2843 1056 2894 socium
1075 2841 1180 2903 dedisti,
1202 2841 1324 2894 familia-

205 2945 262 2980 rem
280 2939 353 2978 tuum
370 2927 513 2980 Rohertum
530 2926 676 2988 Ridleium,
694 2927 855 2978 sacerdotem
872 2945 931 2976 cum
947 2927 1097 2991 honestum,
1122 2940 1180 2979 tum
1195 2925 1223 2979 in
1239 2926 1324 2978 theo-

207 3009 275 3076 logia
291 3011 435 3080 prohatum
461 3011 544 3064 Nobis
561 3011 638 3078 igitur
654 3013 686 3064 ad
698 3030 755 3063 rem
767 3011 894 3078 aggressis,
912 3011 1014 3064 codices
1030 3012 1109 3066 simul
1125 3010 1326 3064 conferentibus

206 3083 235 3149 ac
253 3109 334 3146 errata
350 3095 444 3147 tollere
463 3096 621 3160 conantibus,
639 3115 706 3159 ecce,
724 3095 810 3148 subito
828 3096 904 3161 longe
918 3094 1077 3161 gravissimus
1090 3093 1209 3164 obrepuit
1224 3093 1327 3164 labor3

205 3179 419 3249 deprehendimus
435 3181 503 3232 enim
512 3183 607 3234 bonam
623 3195 724 3250 partem
738 3200 870 3232 sacrorum
886 3179 1101 3242 testimoniorum,
1119 3179 1211 3251 quibus
1222 3194 1326 3233 anctor

204 3264 241 3314 ita
257 3263 351 3326 utitur,
373 3279 403 3316 ut
419 3264 555 3316 scribendo
573 3284 648 3334 saepe
665 3263 766 3316 desinat
786 3282 840 3316 esse
857 3283 930 3328 suns,
952 3285 1007 3316 non
1024 3265 1168 3318 consentire
1185 3284 1245 3316 eum
1262 3266 1324 3319 suis

205 3339 355 3400 ausoribus(
381 3348 449 3400 Tum
467 3349 617 3403 addubitare
635 3349 781 3418 coepimus,
807 3348 830 3401 si
847 3349 897 3400 illa.
913 3349 951 3400 sic
967 3362 1113 3413 manerent,
1134 3349 1208 3400 relat
1223 3365 1323 3416 agnata

204 3433 320 3484 membra
341 3431 418 3488 facile
439 3434 586 3501 neglectum
606 3434 655 3499 iri,
680 3434 720 3486 sin
742 3434 776 3486 ad
798 3435 905 3486 verbnm
927 3423 1129 3503 reponerentur,
1149 3433 1225 3487 nohis
1246 3433 1326 3487 istnc

203 3517 272 3568 haud
290 3515 368 3570 dubie
386 3516 450 3570 vitio
468 3519 556 3571 datum
574 3520 619 3584 iri,
636 3520 706 3590 qnod
725 3518 836 3570 auctoris
852 3519 930 3570 verba
945 3518 1142 3581 mutaverimus,
1159 3518 1203 3588 qui
1219 3519 1256 3570 ad
1275 3539 1325 3572 ex-

205 3615 316 3652 tremum
339 3602 422 3668 legem
444 3601 597 3673 jampridem
619 3602 749 3654 librorum
769 3616 886 3655 veterum
910 3603 1100 3668 castigatorihus
1122 3605 1207 3660 datam
1230 3608 1327 3660 secuti

203 3685 332 3740 nonnulla
346 3686 509 3749 resecuimus,
526 3687 670 3740 addidimus
689 3701 776 3740 antem
792 3687 864 3742 nihil.
898 3687 957 3756 lpse
974 3707 1037 3739 vero
1054 3680 1157 3758 postei,
1174 3703 1204 3740 ιιι
1220 3691 1327 3771 oratio

204 3789 253 3842 per
269 3770 428 3842 hyperbaton
445 3771 539 3840 passim
556 3773 701 3836 obscurata,
718 3768 822 3842 planior
839 3771 925 3834 lieret,
950 3792 1002 3824 uno
1020 3773 1062 3824 vel
1078 3775 1161 3826 altero
1178 3775 1240 3826 loco
1260 3797 1329 3828 ver·

203 3855 267 3910 bun
284 3852 383 3921 longus
401 3855 514 3924 pesitum
530 3855 608 3922 magis
624 3857 790 3926 perapposite
806 3856 949 3908 laeandmn
969 3858 1063 3910 curari.
1097 3859 1170 3912 llaec
1185 3859 1218 3910 'do
1235 3877 1330 3930 opus

206 3940 281 4006 culm
298 3939 368 3995 ssd·
360 3959 412 4010 pm
429 3941 563 4010 adipsum
580 3955 712 3994 auctorem
728 3940 883 3994 vantsumu
900 3969 934 3984 -

271 4024 302 4092 2)
318 4025 406 4078 Ueber
429 4027 477 4081 die·
492 4025 634 4081 Versioneu
656 4027 702 4080 der
723 4045 775 4080 von
797 4023 887 4078 etta
909 4027 1079 4091 gabranmten
1102 4025 1232 4080 Schriften
1259 4048 1329 4099 mag

205 4107 253 4158 der
268 4108 346 4161 Loaer
362 4111 407 4166 dee
423 4109 585 4166 Entbohots
602 4109 686 4166 Uther
701 4108 892 4176 „hbhsndhme
909 4111 975 4161 tiber
997 4110 1040 4162 dis
1056 4111 1109 4162 alm
1126 4111 1252 4180 Religion
1270 4118 1329 4171 der

204 4190 320 4260 lrla'nder
337 4195 391 4250 und
407 4195 512 4250 Batou
529 4194 679 4253 nicholam.
714 4195 742 4254 S.
753 4193 907 4261 523le
924 4196 965 4251 et.
979 4194 1083 4251 Carth·
1101 4194 1176 4252 2835.
