2825 5009
241 359 304 428 120

123 537 126 542 ·
240 519 517 598 praesentationem.
550 519 754 584 semonnia
784 522 948 583 bonoribce
977 535 1113 603 receptus
1140 543 1156 582 a
1182 520 1331 598 uadoso)

240 612 401 673 venerabili
420 613 526 676 abbate
546 613 578 673 in
599 611 736 674 Carbana
755 615 856 692 Valle,
883 617 934 695 qui
953 615 1126 678 monstravit
1151 613 1196 672 illi
1214 611 1332 672 landabi-

240 702 299 764 lem
314 725 494 786 campanam,
513 718 702 768 monstratam
718 708 842 788 accepit,
861 721 1009 791 acceptam
1024 727 1122 770 emere
1134 704 1229 768 voluit
1240 724 1333 783 magno

240 793 350 886 pretio,
370 819 456 888 quam
475 819 628 883 possessor
646 801 777 858 vendere
796 798 943 867 nolebat,
961 795 1115 874 Andito¹)
1135 799 1261 858 adventu
1278 795 1334 855 Gil-

243 891 297 954 dau
322 888 463 972 sapientis
493 890 531 952 ab
555 892 687 972 Artburq
710 909 785 972 nge
810 901 843 949 ct
868 888 1039 970 primatibus
1070 889 1163 950 totius
1180 889 1335 949 Britanniae

244 982 390 1064 episcopis
415 995 446 1043 et
469 982 642 1060 abbatibus,
671 993 879 1045 convenerunt
901 979 1131 1042 innumerabiles
1156 1001 1191 1042 es
1215 985 1292 1042 clero
1312 993 1336 1041 et

244 1074 378 1157 populo,
406 1086 440 1134 ut
458 1076 619 1137 Artburum
647 1076 837 1158 pacificarent
863 1093 897 1133 ex
915 1072 1083 1153 supradicto
1102 1073 1272 1134 homicidio.
1305 1075 1336 1132 bt

243 1169 310 1243 ille,
328 1167 403 1228 sicut
420 1168 553 1246 primitus
573 1169 699 1244 lecerat,
725 1168 849 1250 cognito
867 1187 988 1228 rumore
1007 1167 1044 1226 de
1064 1164 1149 1224 obitu
1167 1166 1279 1240 fratris,
1299 1166 1336 1224 in·

245 1259 335 1320 dulsit
353 1258 485 1333 inimico,
503 1260 616 1320 veniam
637 1260 809 1340 postulanti,
829 1259 961 1319 osculnm
981 1257 1072 1332 dedit,
1091 1269 1123 1317 ct
1141 1257 1337 1338 benignissimo

246 1351 345 1411 animo
365 1349 514 1410 benedixit
533 1353 744 1429 osculatum⁸).
784 1354 851 1413 Hoc
870 1358 1004 1432 peract‘o,
1021 1349 1230 1409 rcsdrtburus
1249 1349 1336 1409 dolens

247 1454 278 1503 et
306 1443 460 1504 lacrimans
485 1445 600 1525 accepit
624 1444 660 1504 ab
690 1444 836 1525 episcopis
860 1442 1041 1504 adstantibus
1065 1442 1290 1521 poenitentiam,
1314 1451 1337 1500 et
1387 1424 1392 1557 l

248 1535 413 1598 emendavit
431 1534 463 1594 in
482 1549 622 1615 quantum
642 1537 756 1616 potuit,
775 1537 871 1596 donec
892 1533 1103 1596 consummavit
1121 1533 1221 1596 vitam.

301 1859 305 1877 .
324 1814 415 1874 Unde
439 1811 575 1894 egregius
595 1813 699 1874 Gildas
720 1813 764 1874 vir
781 1812 919 1892 pacificus
942 1821 974 1870 et
993 1807 1153 1869 catholicus
1180 1809 1270 1872 adivit
1287 1809 1339 1869 lto-

247 1927 334 1981 mam,
353 1917 384 1965 ct
401 1905 608 1984 apostolico,⁴)
627 1905 778 1966 Romanae
799 1902 939 1964 ecclesiae
958 1899 1063 1960 tribuit
1075 1901 1255 1979 praedictam
1273 1923 1338 1964 can-
1389 1876 1393 1989 l

248 2019 371 2078 panant,
403 2017 478 2076 quae
510 2009 658 2057 commota
689 2019 705 2058 a
736 1997 869 2057 manibus
899 1992 1055 2073 apostolici
1084 1993 1197 2053 nullum
1226 1995 1340 2055 sonitum

249 2089 410 2150 emittebat.
448 2089 537 2149 Unde
558 2089 614 2148 boc
634 2089 683 2150 ille
703 2091 807 2152 videos
826 2089 894 2148 talia
916 2085 1047 2146 dicebat:
1077 2086 1128 2162 „0
1148 2087 1193 2149 vir
1211 2086 1340 2148 dilectet

248 2182 317 2243 Deo
338 2191 369 2242 et
386 2181 423 2241 ab
443 2180 579 2256 bomine,
604 2183 701 2244 revela
721 2183 794 2241 mibi
814 2180 893 2260 quod
912 2177 968 2238 tibi
988 2178 1116 2259 contigit
1139 2178 1170 2237 in
1189 2179 1294 2239 itinere
1310 2179 1339 2238 de

248 2273 302 2334 bae
331 2271 601 2353 praesentatione.“
638 2277 680 2334 At
710 2275 760 2335 ille
786 2272 941 2346 revelavit,
971 2270 1182 2331 sanctissimum
1203 2270 1341 2333 Cadocum

247 2363 545 2438 Nancartanensist)
579 2365 719 2426 ecclesiae
750 2365 886 2426 abbatem
918 2383 981 2424 eam
1006 2363 1134 2423 voluisse
1159 2383 1274 2441 emere,
1297 2365 1340 2424 sed

249 2478 336 2536 quam
355 2467 477 2520 voverat
495 2455 526 2515 S.
545 2456 637 2519 Petro
651 2459 799 2539 Apostolo
821 2457 934 2519 offerre
951 2454 1074 2516 nolebat
1092 2457 1232 2517 vendere.
1269 2458 1341 2536 Apo-

248 2549 384 2626 stolieus,
404 2551 447 2612 bis
467 2537 588 2624 auditis,
608 2548 691 2609 dixit:
725 2553 851 2626 „Nosco
874 2548 1026 2608 Cadocum
1046 2548 1245 2610 uenerabilem
1263 2551 1342 2610 abba-

248 2653 319 2717 tem,
339 2642 389 2721 qui
409 2642 555 2721 septies⁶)
576 2641 666 2702 adivit
684 2642 830 2703 civitatem
848 2643 943 2717 istam,
963 2653 994 2701 et
1013 2652 1059 2701 ter
1077 2641 1342 2723 Hierosolymam')

248 2745 318 2811 post
336 2733 475 2794 immensa
494 2733 625 2813 pericula
645 2747 675 2794 et
695 2737 840 2796 assiduum
860 2734 1008 2807 laborem}
1027 2746 1160 2794 remeato
1180 2745 1211 2795 et
1224 2734 1342 2816 cupienti

153 2828 158 2838 '
251 2825 376 2901 babere,
400 2836 433 2885 ut
458 2826 509 2885 des
529 2826 672 2887 concedo.
711 2828 897 2889 Destinatum
923 2839 967 2889 est
992 2827 1069 2888 enim
1094 2828 1154 2903 illi,
1182 2839 1216 2887 ut
1239 2827 1343 2901 babeat,

251 2937 284 2977 es
310 2918 367 2980 boc
392 2917 539 2998 praesenti
563 2913 737 2980 miraculo.“
776 2920 879 2981 Gildas
903 2921 1003 3001 itaque
1028 2920 1214 2982 benedictam
1239 2941 1342 3001 campa·
1393 2964 1394 2967 ,

318 3127 343 3184 l·
362 3127 491 3200 adoro.)
511 3130 635 3184 Dasselbc
652 3133 720 3186 wird
742 3135 770 3186 in
787 3136 833 3188 der
849 3135 968 3202 Leucade
985 3151 1037 3184 von
1054 3132 1142 3186 Cadoc
1164 3133 1260 3186 enablt
1276 3132 1342 3205 [bles

249 3211 319 3264 Cott.
337 3213 424 3276 Titus,
440 3215 481 3278 1),
498 3215 590 3280 XXII,
607 3217 624 3268 f.
642 3216 701 3290 95].
721 3248 753 3260 -
787 3220 811 3275 2.
829 3216 933 3274 Audito
950 3247 983 3258 -
1001 3217 1110 3287 utiam.)
1126 3217 1211 3270 Usber
1227 3219 1295 3271 lisbrt
1309 3219 1354 3270 die'

250 3296 333 3347 Stelle
356 3316 383 3366 p.
400 3297 452 3352 678
474 3318 514 3350 au.
538 3329 570 3340 -
604 3300 629 3354 3.
648 3300 832 3375 osculatum.)
849 3302 997 3365 osculanti,
1017 3300 1108 3352 Usbcr.
1131 3334 1165 3348 -
1198 3302 1224 3356 4.
1241 3304 1346 3374 aposto

250 3376 325 3446 lico.)
341 3379 427 3448 Papae
444 3382 605 3446 Alexandro,
622 3384 727 3453 Capto,
745 3388 791 3439 der
808 3390 877 3441 disse
894 3387 1032 3440 Naobricbt
1047 3404 1091 3438 aus
1109 3386 1156 3438 der
1170 3387 1287 3453 Legendc
1302 3406 1346 3438 von

205 3513 208 3518 .
251 3461 340 3516 Gadoc
357 3463 484 3518 berleitet.
519 3467 580 3520 Mn.
603 3467 674 3521 Gott.
692 3471 783 3534 Titus,
805 3473 846 3534 D,
861 3472 954 3535 xxti,
974 3473 994 3523 1.
1010 3459 1074 3524 950.
1108 3471 1162 3522 Das
1183 3470 1217 3523 ist
1237 3464 1297 3524 aber
1310 3471 1345 3522 eiu

191 3619 195 3630 ,
248 3548 342 3611 prober
359 3548 583 3616 chronologiscber
597 3553 722 3617 Verstoss,
739 3554 807 3608 deun
824 3556 969 3608 Alexander
979 3556 1000 3606 1.
1016 3555 1084 3606 starb
1102 3553 1354 3630 119,ιιικ1111ιιιι-Ι

248 3630 296 3680 der
311 3631 346 3682 ll.
363 3631 461 3700 bestieg
480 3649 531 3688 erst
547 3635 612 3692 1061
632 3638 682 3690 den
698 3638 858 3706 pibstlieben
876 3639 960 3692 Stubl.
977 3655 1012 3680 -·-
1044 3638 1070 3691 5.
1086 3636 1347 3706 Moneortmss's.)

248 3713 473 3780 Narwbrnensts,
495 3720 526 3770 A.
550 3747 585 3762 -
617 3719 641 3775 6.
659 3720 765 3790 Septies
781 3752 815 3764 -·
831 3721 1073 3792 Hierosolymam.)
1097 3721 1150 3775 Die
1166 3723 1285 3790 [regende
1301 3742 1346 3776 son

248 3796 338 3854 cador
357 3798 384 3852 iu
402 3797 471 3854 Cute
488 3802 550 3856 Mas.
567 3803 654 3867 Titus,
671 3805 712 3870 D,
728 3806 820 3869 xxti,
836 3808 855 3860 1.
872 3805 943 3870 92¹¹,
959 3809 1030 3860 subn
1047 3807 1097 3859 den
1114 3805 1234 3874 lleiligeu
1249 3810 1304 3861 also
1320 3828 1347 3859 su

248 3882 334 3936 seiueu
353 3883 479 3938 sahulem
495 3888 636 3956 sprecbend
655 3888 708 3941 ein:
732 3891 881 3958 „Quoniam
897 3892 1002 3961 quidem
1018 3891 1108 3943 divino
1125 3904 1191 3942 nutu
1207 3905 1247 3943 ter
1263 3891 1348 3944 ldieru·

248 3969 327 4026 salens
344 3967 488 4039 septiesque
505 3973 616 4026 Romam
638 3992 686 4042 pro
703 3973 756 4026 Dei
778 3993 867 4027 amore
889 3977 1022 4044 profectus
1045 3996 1115 4039 sum,
1139 3991 1256 4045 superest
1278 3995 1348 4049 nune,

249 4052 379 4119 quatinus,
401 4054 491 4106 orandi
514 4054 613 4121 ‘nativ‘
632 4071 679 4109 etc.
701 4086 736 4097 —
771 4058 794 4112 7.
817 4058 1059 4128 Hierosolymam.)
1081 4060 1269 4126 Pilgersabrtcn
1289 4059 1347 4111 narb

250 4133 309 4184 dem
326 4135 446 4199 gelobteu
462 4140 548 4192 Laude
566 4159 654 4195 waren
670 4142 751 4193 sebon
768 4143 840 4207 lange
857 4160 906 4192 vor
922 4143 973 4196 den
981 4143 1145 4212 Kreuisrigen
1162 4141 1348 4208 gebrtucblicbt

250 4234 269 4267 a.
287 4217 439 4284 Augusti,
457 4221 600 4276 Handbucb
615 4225 660 4276 der
672 4223 767 4279 ebriatl.
776 4225 953 4292 Arebiologie.
977 4227 1097 4294 111,377,
1114 4229 1231 4294 nonme
1241 4248 1266 4281 v.
1280 4224 1348 4282 1837.
