2825 5009
1156 375 1200 448 85

164 522 270 585 XLIV.
309 521 357 581 De
377 521 531 597 Vortimir‚
551 522 612 582 filio
624 524 799 608 Vortlgcrni
818 529 907 611 regis,
927 527 1053 607 qualiter
1063 531 1198 595 Saxones

77 615 270 724 principibus
290 635 405 690 eorum,
423 614 582 676 interfecto
596 616 691 695 Hors,
710 619 835 682 viriliter
848 621 972 702 pepulit,
992 633 1022 682 et
1034 644 1089 704 per
1109 627 1197 706 quin

79 709 249 790 quenulam
270 709 380 792 abegit.
1201 702 1205 711 Ι

161 803 253 864 XLV.
292 803 340 864 De
358 801 450 864 tribus
470 799 555 862 bellis
575 798 804 883 principalibus,
830 826 905 886 quae
924 807 1071 870 vortimir
1090 824 1196 875 contra

76 895 216 957 Saxones
236 896 340 978 gessit3
360 906 390 954 et
410 894 481 976 quid
500 893 629 969 moriens
650 897 686 958 dc
706 919 738 958 se
757 898 930 981 sepeliendo
951 905 1143 983 praeceperit.

159 989 267 1050 XLVI.
307 987 456 1063 Qualiter,
474 999 543 1070 post
563 988 677 1049 obitum
689 991 851 1067 Vortemir,
871 993 1069 1078 vortigernus
1087 997 1194 1060 iterum

75 1082 215 1145 Saxones
245 1082 375 1162 recepit,
408 1093 438 1141 et
463 1084 499 1144 de
529 1085 661 1146 simulata
688 1086 769 1166 pacis
796 1085 957 1147 concordia
981 1109 1036 1167 per
1061 1091 1193 1156 Saxones

76 1197 154 1259 erga
172 1176 320 1238 Britones.
371 1245 373 1250 ,

158 1272 282 1334 XLVII.
316 1268 479 1343 Quomodo
498 1269 560 1349 ipse
575 1271 773 1353 vortigernus
787 1271 858 1331 dolo
875 1291 891 1332 a
905 1272 1071 1338 Saxonibus
1090 1290 1192 1359 captus

74 1365 187 1440 fuerit,
212 1374 242 1424 et
266 1360 456 1446 suggestione
476 1362 614 1444 Hengisti
633 1363 849 1449 Vortigernum
873 1365 1020 1428 redimere
1044 1389 1076 1429 se
1095 1370 1192 1432 solum

76 1470 257 1540 coegerunt,
277 1468 307 1517 et
327 1477 397 1536 quas
415 1467 508 1518 terras
528 1477 584 1536 pro
603 1458 789 1518 redemtione
809 1479 859 1517 sua
880 1461 1062 1540 acceperint,
1083 1473 1192 1542 etqua

74 1551 278 1612 fraudulentia
297 1549 428 1610 Saxones
454 1548 579 1610 cultellis
604 1551 745 1612 Britones
768 1561 932 1612 trescentos
956 1552 1035 1614 viros
1060 1554 1190 1642 optimos

74 1645 254 1707 occiderint.

156 1737 296 1801 XLVIII.
334 1736 382 1797 De
407 1691 538 1797 secundo
564 1737 692 1808 adventu
711 1735 815 1796 Sancti
841 1737 1024 1809 Germani
1014 1757 1046 1798 ιιι
1069 1739 1188 1806 Britan-
1288 1793 1292 1798 .

73 1832 170 1907 niam,
191 1843 221 1892 et
240 1829 366 1912 qualiter
379 1828 542 1910 fugientem
554 1828 780 1910 vortigernum,
798 1840 832 1889 ut
851 1851 880 1889 er
870 1829 980 1891 fidem
994 1832 1188 1910 praedicaret,

74 1924 205 1986 Sanctus
229 1922 394 1984 Germanus
424 1921 551 1982 sollicite
575 1920 747 1983 subsecutus
773 1923 827 1998 sit,
855 1933 886 1982 et
914 1933 1024 1997 nocte,
1049 1923 1121 2004 igne
1149 1926 1188 1987 de

73 2016 164 2079 coelo
185 2018 320 2090 cadente,
339 2035 391 2076 ror
410 2015 441 2075 in
461 2033 528 2076 arce
548 2033 614 2076 cum
633 2013 691 2075 suis
712 2025 826 2076 exustus
845 2014 911 2074 fuit.
992 2034 996 2042 ·
1190 2077 1195 2084 ,

153 2109 259 2170 XLIX.
300 2109 393 2184 Quod
413 2108 556 2188 quaedam
580 2108 703 2168 assertio
720 2097 776 2185 sit,
800 2108 882 2188 quod
906 2127 959 2170 cor
982 2109 1046 2187 ejus
1072 2128 1107 2170 ex
1130 2111 1186 2172 do-

70 2204 140 2266 lore
159 2203 317 2286 crepuerit.

151 2298 187 2362 L.
225 2297 318 2374 Item,
339 2296 463 2357 aliorum
484 2294 588 2375 opinio
614 2293 733 2369 astruit,
758 2293 839 2373 quod
863 2304 942 2354 terra
967 2314 1035 2357 cum
1044 2294 1185 2403 'degluti-

71 2391 165 2466 verit,
194 2410 260 2451 curn
290 2389 364 2450 nibil
388 2390 425 2450 de
450 2407 504 2465 co,
534 2386 581 2450 vel
611 2386 686 2461 suis,
716 2385 900 2447 residuum
889 2387 1018 2450 inveniri
1042 2387 1075 2448 in
1094 2400 1185 2452 terra

97 2484 216 2548 otucrit.

70 2507 93 2568 p
150 2577 202 2640 LI.
244 2577 337 2652 Quod
357 2587 483 2657 quatuor
495 2574 572 2634 filios
587 2572 784 2654 Vortigemus
798 2569 949 2645 babuerit;
968 2582 999 2632 ct
1018 2572 1054 2634 de
1069 2570 1183 2636 Sancto

72 2673 202 2745 Fausto,
221 2690 307 2750 quem
329 2670 365 2730 de
385 2668 443 2728 filia
463 2688 514 2729 sua
533 2664 680 2749 genuerit.

148 2763 215 2826 LII.
254 2761 302 2824 De
332 2760 506 2844 Vortigcrni
533 2759 694 2841 progenie,
726 2770 758 2820 et
787 2758 967 2840 retrograda
992 2781 1183 2846 proavorum,

71 2859 262 2934 attavorum,
283 2867 314 2917 et
332 2867 484 2916 atavorum
504 2854 635 2933 ejusdem
655 2853 741 2914 serie.

148 2951 232 3012 LIII.
270 2950 318 3010 De
337 2947 436 3008 reditu
456 2946 557 3008 Sancti
578 2946 736 3022 GermanI,
762 2957 792 3005 et
812 2946 980 3026 captivitate
1000 2949 1103 3010 Sancti
1121 2947 1181 3010 Pa.

71 3045 166 3122 tricii3
190 3056 221 3106 et
241 3041 392 3124 quomodo
412 3040 538 3100 Romam
556 3038 625 3098 ierit
646 3050 676 3098 et
699 3038 784 3117 plura
809 3039 962 3117 didicerit,
985 3053 1015 3102 et
1034 3040 1180 3104 Palladius
1256 3079 1263 3090 ι
1289 3025 1294 3038 ’

72 3140 185 3202 Scottis
204 3135 422 3218 praedicaturus
442 3132 520 3213 apud
539 3130 639 3191 Pictos
661 3131 779 3191 obierit.

146 3233 228 3293 LIV.
268 3229 376 3306 Quod,
410 3225 519 3308 angelo
551 3223 710 3306 moriente,
742 3224 780 3284 ad
808 3224 930 3288 Scottos
963 3230 1203 3312 convertendos,

70 3325 197 3392 Sanctus
216 3323 360 3383 Patricius
379 3322 480 3382 missus
499 3319 544 3380 sit.

145 3417 209 3476 LV.
249 3415 311 3478 Ubi
331 3429 362 3478 et
380 3438 397 3478 a
417 3414 523 3498 quibus
542 3412 668 3473 Sanctus
685 3408 830 3471 Patricius
850 3412 1007 3495 episcopus
1026 3417 1179 3483 ordinatus

69 3513 123 3589 sit,
142 3510 245 3591 ibique
264 3529 376 3573 nomen
396 3529 479 3570 suum
498 3504 703 3567 immutaverit.

146 3603 226 3664 LVI.
266 3603 358 3680 Quod
387 3603 468 3683 prius
492 3598 664 3662 Britonibus
694 3598 924 3678 praedicaverit,
954 3611 985 3660 et
1015 3602 1156 3667 deinde·
1144 3629 1178 3669 m

66 3697 244 3758 Hiberniam
262 3697 440 3779 migraverit.

147 3787 244 3852 LVII.
265 3789 349 3864 Quo
364 3809 444 3849 anno
458 3786 673 3848 Incarnationis
685 3779 892 3848 Dominicae
881 3785 1014 3867 incoepit
1032 3788 1076 3850 ibi
1088 3811 1176 3872 prae-

67 3883 179 3959 ditare,
198 3882 244 3945 vel
263 3884 345 3963 cujus
363 3882 443 3964 regis
460 3894 607 3960 tempore,
627 3891 657 3940 et
677 3891 751 3960 quot
769 3899 862 3942 annos
881 3881 1109 3961 praedicaverit,
1128 3886 1182 3947 rel'

65 3987 178 4056 quanta
196 3976 335 4039 miracula
355 3974 577 4057 perpetraverit.

143 4068 258 4130 LVIII.
297 4069 385 4144 Quae
405 4063 567 4150 scripserit,
591 4078 665 4148 quot
689 4067 846 4148 episcopos
866 4065 1005 4130 ecclcsiae
1023 4068 1175 4152 rel-pres-

63 4163 189 4244 byteros
209 4163 438 4236 consecraverit,
459 4173 533 4242 quot
550 4179 636 4242 reges
655 4171 686 4220 et
700 4160 853 4220 bominum
865 4159 956 4223 millia
970 4162 1175 4244 baptizaverit,

64 4265 97 4320 et
116 4257 170 4318 nbi
190 4276 247 4337 per
266 4256 328 4318 dies
348 4255 541 4337 quadraginta
560 4253 736 4333 jejunaverit
754 4265 786 4315 ct
804 4253 941 4320 oraverit.

1103 4473 1114 4517 l
