2825 5009
239 548 316 631 piiaa
339 529 441 608 ludum
464 536 613 611 iaciebant
640 545 735 625 pueri.
773 544 814 611 Et
840 544 923 605 ecce!
950 544 1009 603 duo
1027 542 1107 602 inter
1126 556 1157 601 sc
1176 533 1357 621 litigabant,

238 644 270 703 et
289 638 359 702 dixit
378 638 452 701 aiter
471 639 570 700 atteri:
592 634 642 716 „0
663 639 754 699 homo
775 639 837 718 sine
857 642 957 716 patre,
976 634 1089 695 bouum
1107 650 1171 695 non
1190 628 1356 693 habebis.“

238 734 280 795 nt
297 732 342 793 tut
353 730 391 793 de
401 744 495 814 puern
506 722 543 791 ad
558 748 667 813 pueros
676 730 840 814 diiigenter
858 728 1135 811 percunctabantur,
1155 734 1185 786 et
1204 734 1358 785 cuncten-

238 836 283 889 tes
300 834 425 886 manem
445 819 469 884 si
488 834 601 903 patrem
620 822 760 900 habam,
792 834 823 886 et
841 822 891 883 tna
910 820 1030 907 negavit
1047 826 1080 880 et
1097 818 1185 879 dixit:
1217 816 1356 893 „nereo

240 916 393 997 quomodo
413 916 445 995 itt
464 922 551 977 utero
570 924 638 978 me'o
664 930 825 999 conceptus
845 920 905 993 est,
929 914 982 976 sed
1000 931 1091 973 unum
1111 910 1190 987 scio,
1212 908 1287 991 quia
1303 909 1358 969 vi-

240 1029 305 1071 rum
324 1021 389 1070 non
409 1009 539 1092 'cognovi
553 1016 720 1091 unquam3‘*
741 1022 772 1071 et
789 1010 895 1090 juravit
913 1007 970 1068 iltis
982 1017 1097 1087 patrem
1110 1020 1174 1065 aon
1186 1001 1356 1081 tabem).

240 1104 281 1163 Et
301 1100 344 1163 uti
369 1113 435 1163 enm
461 1118 558 1163 secum
584 1102 729 1165 duxerunt
752 1122 845 1184 usque
869 1103 906 1163 ad
925 1095 1175 1182 Guorthigimum
1192 1111 1302 1179 regem
1321 1106 1357 1156 et

240 1212 309 1257 eunt
328 1195 547 1259 insinuaverunt
565 1197 639 1279 regi.

316 1398 356 1458 Et
381 1399 413 1458 in
439 1400 566 1461 crastino
594 1399 755 1461 conventio
780 1397 857 1460 facta
883 1410 942 1473 est,
967 1406 1001 1456 ut
1024 1413 1099 1477 puer
1122 1392 1353 1455 interficeretur.

151 1534 156 1543 .
239 1483 279 1550 Et
312 1500 386 1571 puer
420 1492 492 1554 dixit
520 1494 598 1577 regi:
639 1490 729 1569 „Cur
758 1492 814 1554 viri
847 1491 890 1551 tui
920 1509 967 1551 me
1000 1488 1037 1549 ad
1071 1499 1102 1548 te
1135 1485 1354 1547 detuierunt?“

128 1602 131 1611 ¹
241 1584 298 1645 Cui
329 1604 380 1644 rex
409 1585 464 1646 ait:
508 1588 577 1663 „Ut
606 1584 806 1669 interficiaris,
837 1594 868 1643 et
898 1582 1015 1664 sanguis
1048 1592 1114 1641 tuus
1144 1579 1221 1641 circa
1251 1602 1356 1642 arcem

238 1677 323 1738 istam
349 1692 537 1760 aspergetur,
567 1690 600 1740 ut
631 1678 726 1758 possit
754 1676 933 1738 aedificari.“
979 1674 1145 1756 Respondit
1169 1682 1245 1754 puer
1267 1676 1355 1757 regi:

240 1760 346 1846 „Quis
369 1769 424 1831 tihi
450 1770 665 1836 monstravit?“
704 1765 745 1831 Et
774 1768 929 1849 respondit
953 1787 1015 1829 rer:
1054 1764 1161 1849 „Magi
1188 1766 1248 1827 mci
1277 1766 1355 1826 mihi

240 1860 407 1928 dixerunt.“
444 1852 485 1925 Et
509 1886 583 1945 puer
609 1864 690 1925 dixit:
715 1862 783 1939 ,Ad
807 1878 854 1921 me
879 1864 1067 1937 vocentur;“
1093 1872 1123 1921 et
1145 1858 1260 1920 invitati
1281 1868 1355 1920 suut

238 1950 318 2039 m'a'gi
338 1969 369 2017 et
387 1978 462 2037 puer
481 1951 537 2016 iilis
558 1953 641 2015 dixit:
662 1955 760 2033 „Quis
780 1954 919 2017 revelavit
937 1953 1033 2031 vobis,
1051 1964 1086 2014 ut
1104 1951 1159 2014 ista
1179 1967 1228 2013 arx
1247 1971 1262 2012 a
1282 1972 1355 2012 sau-

139 2064 142 2071 ’
242 2048 332 2128 guitte
357 2070 426 2109 meo
454 2060 675 2131 aspergeretur,
701 2060 731 2108 et
755 2045 811 2107 nisi
836 2056 1009 2128 aspergatur
1032 2066 1049 2107 a
1069 2046 1210 2129 sanguine
1228 2064 1299 2107 meo
1318 2046 1355 2105 in

240 2152 392 2203 aeternum
412 2162 475 2202 non
495 2140 714 2204 aedificabitur?
755 2140 816 2199 Sed
835 2140 894 2199 hoc
913 2134 1101 2221 cognoscam,
1122 2137 1186 2219 quis
1205 2135 1292 2201 vohis
1313 2141 1354 2201 de

237 2250 285 2293 me
305 2234 401 2313 palam
421 2232 534 2297 secit?“
573 2236 684 2294 Iterum
704 2252 778 2312 puer
799 2232 883 2291 dixit:
913 2231 1032 2307 „Modo
1056 2229 1128 2305 tibi,
1155 2251 1259 2308 orer,
1285 2233 1355 2293 elu-

240 2325 372 2385 cubrabo
393 2337 423 2384 et
442 2326 473 2386 in
495 2328 617 2390 veritate
632 2326 686 2387 tibi
707 2325 807 2386 omnia
819 2337 871 2406 'sat
890 2344 975 2407 agam
982 2343 990 2399 ;
1011 2324 1062 2383 sed
1075 2342 1177 2403 magos
1189 2334 1258 2385 tuos
1278 2346 1354 2405 per-

239 2428 374 2493 cunctor,
394 2418 465 2499 quid
484 2420 516 2484 iu
530 2421 698 2503 pavimento
716 2416 797 2478 istius
816 2410 876 2477 ioci
897 2415 960 2480 est?
981 2410 1084 2476 Placet
1099 2414 1181 2493 mihi,
1199 2426 1232 2477 ut
1247 2428 1355 2479 osteu-

240 2499 387 2587 danttibi,
404 2513 479 2592 quid
498 2514 551 2577 sub
565 2513 735 2595 pavimento
750 2511 903 2572 habetur.“
932 2509 973 2570 At
992 2508 1035 2570 illi
1056 2508 1203 2573 dixerunt:
1224 2510 1356 2587 „Nesci-
1412 2564 1413 2595 ,

238 2604 335 2667 mus.“‘
373 2604 414 2664 Et
435 2604 488 2666 ille
508 2600 592 2667 dixit:
617 2602 841 2685 „Comperior,
861 2616 997 2687 stagnum
1016 2604 1048 2663 in
1067 2604 1167 2667 medio
1187 2604 1355 2683 pavimenti
1412 2596 1413 2607 ¹

239 2707 298 2769 est;
323 2696 422 2757 venite
449 2702 480 2758 et
498 2693 608 2774 fodite,
634 2710 664 2759 et
683 2697 929 2759 sic‘invenietis.“
968 2698 1126 2759 Venerunt
1145 2710 1174 2758 et
1194 2696 1353 2774 foderuut,

239 2799 272 2849 et
295 2787 362 2849 tuit
399 2790 441 2855 Et
464 2810 540 2870 puer
564 2791 729 2874 admagos
753 2790 839 2850 dixit:
869 2790 1033 2867 „Proferte
1052 2790 1140 2868 mihi,
1162 2791 1301 2871 quid-est
1318 2795 1356 2855 im

239 2880 393 2961 staguoi’t‘
418 2893 449 2942 et
474 2883 632 2960 siluerunt,
659 2895 689 2943 et
714 2904 776 2943 non
801 2895 964 2962 potuerunt
988 2882 1120 2945 revelare
1146 2879 1199 2950 iili.
1235 2888 1279 2952 At
1298 2888 1354 2951 iile

237 2972 312 3041 dixit
327 2972 399 3038 tlte».
432 2974 532 3057 „Ego
544 2976 629 3039 'rotis
649 2978 804 3055 revelabo,
829 2979 888 3037 duo
908 2997 975 3038 vasa
991 2987 1075 3053 sunt3
1102 2978 1193 3039 etsie
1211 2977 1353 3043 iuvenie-

237 3067 516 3143 auh-vatiaum
529 3069 710 3131 striderunt
727 3071 777 3137 sic.
805 3073 847 3131 Et
866 3089 941 3150 puer
960 3070 997 3130 ad
1015 3088 1118 3151 magos
1136 3071 1221 3131 dixit:
1240 3072 1353 3148 „Quid

235 3159 270 3219 ia
296 3162 369 3223 nasis
394 3160 540 3223 conclusis
564 3158 736 3227 habetut?“
762 3178 793 3226 at
812 3166 869 3245 ipsi
888 3161 1033 3225 siluerunt
1052 3174 1082 3223 et
1100 3179 1167 3224 noa
1181 3173 1352 3243 potuerunt

124 3274 126 3279 ·
237 3246 371 3333 revelare
391 3252 443 3314 illi.
483 3256 524 3316 At
542 3246 593 3316 ilie
614 3259 752 3317 asseruit:
778 3258 841 3335 „In
861 3256 958 3317 medio
980 3274 1083 3317 eorum
1106 3257 1269 3319 tentorium
1292 3272 1351 3338 est,

187 3410 191 3419 ¹
237 3354 373 3426 separate
394 3360 444 3423 ea,
464 3349 553 3412 etsie
573 3349 759 3410 invenietis.“
797 3350 838 3410 Et
854 3368 907 3417 rex
926 3351 1054 3430 separari
1072 3348 1170 3429 jussit,
1188 3364 1220 3412 ‘et
1239 3350 1280 3413 sic
1299 3354 1352 3414 in-
1409 3329 1411 3396 i

238 3432 358 3523 ventum
378 3446 423 3502 est
436 3442 601 3527 ,tentorium
622 3444 845 3524 complicatum,
859 3444 941 3514 sicut,
955 3441 1073 3507 dixerat
1111 3446 1153 3506 Et
1170 3439 1278 3508 iterum
1299 3448 1351 3509 in-

238 3534 401 3617 terrogavit
419 3553 536 3617 magosz
557 3530 661 3613 „Quid
681 3533 712 3595 in
732 3537 830 3600 medio
852 3538 974 3601 tentorii
991 3550 1034 3599 est
1048 3538 1135 3599 etiam
1155 3559 1235 3601 nunc
1257 3542 1349 3605 anar-

237 3632 342 3701 ratc,“
363 3639 393 3692 et
411 3648 473 3692 uon
493 3640 656 3709 potu-erunt
674 3625 758 3691 scire.
796 3632 838 3691 At
856 3629 906 3695 itte
926 3631 1078 3696 revelavit:
1118 3634 1209 3711 „Duo
1229 3655 1351 3699 vermes

235 3720 268 3779 in
288 3710 325 3795 eo
345 3727 429 3794 suat,
449 3740 525 3781 unus
543 3720 625 3781 albus
645 3732 675 3782 et
692 3743 767 3785 uuus
787 3726 884 3802 rutus3
903 3724 1065 3785 tentorium
1085 3726 1270 3805 expandite.“
1305 3730 1351 3790 Et

236 3799 445 3889 extenderunt,
465 3824 505 3875 'et
528 3815 589 3877 duo
615 3832 729 3879 vermes
754 3818 936 3881 dormientes
953 3818 1069 3881 inventi
1090 3830 1169 3879 sunt.
1207 3822 1249 3883 Et
1271 3822 1351 3886 dixit

236 3920 324 3985 poert
345 3908 542 3986 „Expectat
563 3920 593 3969 et
611 3910 795 3972 considerate
815 3900 887 3992 quid
906 3910 1017 3971 facim
1034 3924 1162 3987 termas,
1180 3924 1213 3977 et
1228 3933 1348 3997 coepe.

236 4002 439 4077 retempta,
459 4012 493 4061 ut
510 4001 584 4063 aiter
604 4002 725 4063 aiterum
745 4004 915 4085 ctpeiietet,
933 4003 1006 4067 aiios
1016 4017 1115 4067 autetn
1126 4010 1259 4090 scapulas
1277 4032 1350 4075 suas

238 4105 439 4131 *Qua-Au...

239 4200 246 4207 ·
305 4177 330 4232 i.
347 4176 480 4249 didm.)
495 4180 524 4233 o.
541 4185 606 4232 ruet
621 4179 677 4232 hiat·
692 4178 783 4236 &aar
801 4182 1000 4258 ,ssiimebttiiia
1015 4201 1049 4239 tte
1066 4186 1230 4243 occideretur
1244 4200 1262 4244 t
1279 4200 1346 4262 roge

165 4330 168 4339 Ι
237 4260 341 4337 iniquo,
357 4262 418 4316 ideo
436 4276 537 4340 patrem
553 4263 628 4317 fateri
644 4264 769 4320 -noltict‘
