2825 5009
469 1018 832 1186 apologiam)

127 1282 260 1359 Nonnii
293 1284 476 1379 Britonum
510 1288 777 1389 historiographi
809 1292 924 1386 gentis
958 1256 1152 1365 Britonum.

613 1496 698 1509 ‘-

610 1642 640 1727 a
660 1652 688 1712 a.

90 1756 188 1869 Ego
212 1785 438 1866 Nenniusr),
463 1789 555 1849 sancti
575 1789 727 1868 Elbodi⁸)
753 1790 924 1870 discipulus,
948 1790 1043 1868 aliqua
1069 1802 1204 1868 excerpta
1273 1793 1277 1812 ‘

92 1879 230 1939 scribere
250 1880 363 1955 curavi,
382 1901 457 1961 quae
475 1880 627 1961 hebetudo
648 1882 748 1965 gentis
764 1883 934 1943 Britanniae
954 1883 1116 1962 dejecerat,
1137 1877 1204 1972 quia

91 1972 210 2031 nullam
235 1972 370 2051 peritiam
397 1972 576 2053 hahuerunt,
601 1995 698 2055 neque
722 1974 811 2035 ullam
837 1971 1149 2035 commemorationem
1172 1975 1205 2032 in
1238 1976 1248 1980 “
1306 2022 1313 2031 c

91 2064 180 2125 libris
199 2077 362 2143 posuerunt
381 2058 654 2149 doctores⁴)'illius
673 2068 785 2129 insulae
803 2066 982 2128 Britanniae.
1020 2069 1088 2150 Ego
1108 2079 1206 2146 autem

94 2158 271 2218 coacervavi
296 2179 384 2239 omne
410 2163 490 2239 quod
514 2160 632 2237 inveni,v
658 2172 717 2221 tam
750 2162 786 2220 de
817 2162 968 2221 annalibus
993 2160 1207 2244 Romanorum²

94 2271 185 2329 quam
212 2251 248 2310 de
269 2250 415 2311 chronicis
436 2252 613 2313 Sanctorum
632 2254 769 2329 Petrum,
787 2253 818 2313 id
838 2265 881 2312 est
899 2252 1092 2332 Hieronymi,
1111 2251 1205 2311 Euse-

94 2344 158 2419 bii,
178 2344 299 2419 Isidori,
318 2345 474 2425 Prosperi‚
495 2357 525 2407 et
545 2349 582 2406 de
596 2346 749 2425 annalibus
762 2346 936 2405 Scottorum
947 2344 1204 2424 Saxonumque⁵)'

94 2447 185 2496 etex
203 2436 364 2499 traditione
383 2451 515 2502 veterum
535 2450 720 2513 nostrorum,
745 2439 826 2517 quod
850 2437 934 2498 multi
961 2438 1098 2498 doctores
1118 2450 1206 2516 atque

94 2529 210 2588 librarii
230 2530 360 2591 scribere
379 2543 582 2607 tentaverunt,
602 2530 702 2591 nescio
724 2552 784 2610 quo
804 2543 892 2611 pacto
912 2530 1060 2590 difficilius
1077 2530 1206 2608 relique·

96 2633 187 2695 runt,
205 2642 242 2681 an
262 2636 388 2704 propter
406 2622 598 2684 mortalitates
618 2622 885 2702 frequentissimas,
904 2624 952 2685 vel
971 2623 1068 2682 clades
1085 2622 1206 2682 creber·
1225 2645 1228 2650 ¹
1263 2620 1267 2631 ’

96 2714 188 2773 rimas
202 2713 356 2799 bellorum.
397 2717 501 2798 Rogo,
520 2727 554 2775 ut
568 2717 662 2803 omnis
674 2715 784 2792 lector,
804 2716 854 2795 qui
874 2715 983 2797 legerit
1000 2717 1078 2775 hunc
1098 2713 1206 2797 librum

99 2808 155 2866 det
173 2808 287 2867 veniam
308 2807 397 2884 mihi,
417 2808 483 2888 quia
504 2808 628 2884 ausns‘)
648 2831 710 2868 sum
731 2819 800 2888 post
817 2820 915 2867 tantos
936 2808 1009 2867 haec
1028 2819 1111 2885 tanta
1132 2805 1207 2878 scri?

94 2892 173 2959 bere
199 2901 279 2979 quasi
303 2902 421 2983 garrula
447 2902 563 2979 avis⁷)‚
593 2900 640 2962 rel
666 2901 748 2980 quasi
771 2900 889 2980 quidam
918 2900 1061 2963 invalidus
1087 2898 1205 2959 arbiter.
1258 2925 1260 2928 ·

97 2990 188 3054 Cedo
208 2993 266 3070 illi,
286 2996 336 3073 qui
356 2995 421 3074 plus
439 2995 557 3058 noverit
575 2994 606 3053 in
625 2995 680 3054 ista
699 2994 805 3074 peritia
827 2995 955 3074 quam⁸)
975 3012 1052 3075 ego.-

169 3179 198 3249 l)
215 3178 279 3230 Hier
295 3180 386 3245 langen
404 3180 445 3231 die
461 3180 524 3233 Mra.
542 3179 580 3242 G,
602 3182 628 3242 1,
646 3181 683 3242 K,
699 3181 754 3230 und
769 3180 795 3231 N
811 3196 850 3229 an.
874 3206 908 3230 ·.-
940 3178 965 3230 2
983 3176 1129 3248 Novanius.)
1145 3178 1209 3230 N‘mss

94 3262 172 3325 nius,
190 3263 217 3328 1,
235 3263 265 3315 K.
286 3294 315 3305 -
350 3262 373 3317 3.
392 3262 512 3335 Blandi.)
530 3264 670 3327 Elvodusi,
689 3261 1045 3330 (t‚1;Etv0augt‚K,M‚
1066 3263 1105 3327 N3
1126 3260 1208 3315 Elbo-³

97 3346 178 3411 dugi,
200 3346 306 3401 Lewis’r
328 3348 426 3419 Introd·
448 3361 477 3398 to
500 3343 566 3398 Brit.
589 3348 646 3400 hist.
669 3368 696 3418 p.
713 3346 755 3402 39.
783 3376 816 3387 -
833 3347 874 3399 'h
899 3343 1044 3415 doctores.)
1067 3346 1208 3411 doctrinacj

97 3432 229 3494 thomas,
246 3452 273 3501 p.
290 3430 332 3485 39.
351 3461 383 3471 -
418 3431 442 3485 5.
465 3430 568 3483 Annal.
586 3430 672 3486 scote.
690 3431 907 3500 arcanumque.)
930 3430 1039 3500 Scriptis
1057 3431 1208 3483 Scottorum

96 3514 312 3586 Anglorumque,
336 3516 366 3567 L.
389 3546 420 3557 -
455 3512 479 3567 6.
496 3512 608 3585 Ausus.)
630 3514 681 3567 Μὴ
700 3514 845 3565 Ausuahmc
863 3533 914 3564 von
931 3514 963 3565 Μ
984 3514 1066 3564 haben
1084 3514 1126 3564 die
1143 3514 1207 3567 Mas:

95 3597 144 3651 die
171 3599 266 3651 falsche
283 3600 370 3651 Lesas-t
398 3598 517 3671 „cujur.“
536 3598 670 3650 Gamdcu'a
688 3598 738 3657 Mo,
757 3599 816 3651 liert
838 3604 990 3661 „conatua.⁴‘
1012 3627 1046 3638 -
1080 3598 1104 3652 ἵ.
1122 3599 1208 3670 Aah.)

71 3740 77 3751 ,
97 3686 187 3747 Anus,
206 3683 297 3738 Camd.
315 3684 372 3738 Ms.
384 3710 421 3751 ,-
456 3682 481 3738 8.
496 3683 603 3752 petitia
618 3684 723 3753 quam.)
739 3682 835 3737 Potitia
854 3683 913 3737 satis
930 3685 1021 3753 quam,
1037 3684 1068 3737 L.

556 3888 757 3905 ..Αῃ--ι-ῂιο-
