2825 5009
81 524 163 565 more
184 505 308 586 rigentia
324 507 367 586 ¹2,
392 506 483 564 torvis
504 505 629 566 vultibus
655 505 817 577 intuemur;
837 543 874 554 -
895 527 992 586 neque
1012 512 1185 571 nominatim

81 597 262 658 inclamitans
282 608 397 659 montes
416 597 513 677 ipsos,
533 610 583 658 aut
603 598 699 658 sontes
720 587 765 659 vel
787 598 894 675 colles,
919 611 971 660 aut
989 601 1093 664 fluvios
1114 604 1185 664 olim

82 687 250 765 exitiabiles,
270 713 348 751 nunc
362 711 432 754 vero
454 689 585 749 humanis
606 689 703 749 usibus
722 690 819 766 utiles,
839 692 944 772 quibus
958 693 1071 753 divinus
1087 695 1187 756 bonor

82 801 96 838 a
116 801 207 850 caeco
227 794 297 844 tunc
317 784 431 864 populo
456 781 673 852 cumulabatnr;
699 794 729 841 et
749 793 849 844 tacens
870 796 998 844 vetustos
1017 785 1185 848 immanium

81 885 270 952 tyrannorum
291 896 400 951 annos,
426 875 474 954 qui
498 874 529 936 in
555 874 617 933 aliis
645 872 735 955 longe
762 876 862 953 positis
887 877 1056 958 regionibus
1076 880 1188 963 vulgati

81 977 156 1040 sunt,
176 966 215 1026 ita
235 980 267 1028 ut
280 968 515 1048 Porphyrius2),
534 965 651 1027 rabidus
673 968 751 1028 canis
773 967 922 1028 orientalis
937 970 1071 1031 adversus
1091 973 1187 1033 eccle·

81 1057 166 1133 siam,
197 1060 360 1122 dementiae
390 1079 458 1120 suae
483 1080 517 1119 ac
542 1059 677 1120 vanitatis
702 1059 778 1140 stylo
804 1061 860 1121 boc
886 1061 974 1122 etiam
1000 1075 1186 1126 annecteret:

83 1150 251 1224 „Britannia
273 1165 373 1213 est-
393 1146 528 1232 inquiens
543 1188 578 1198 -
599 1151 703 1212 lertilis
725 1152 876 1231 provincia
896 1161 1119 1234 tyrannorum,“
1138 1157 1188 1218 illa

81 1253 178 1301 tamen
192 1246 221 1321 ³)
242 1245 379 1324 prolerre
400 1245 534 1306 conabor
553 1246 583 1304 in
604 1245 743 1320 medium,
764 1267 839 1325 quae
861 1247 1043 1326 temporibus
1061 1249 1189 1330 impera-

82 1346 177 1395 torum
204 1337 404 1398 Romanorum
437 1351 467 1398 et
492 1341 574 1417 passa
608 1349 651 1398 est
681 1350 713 1398 et
742 1339 805 1399 aliis
834 1338 933 1398 intulit
962 1341 1070 1402 civibus
1097 1343 1188 1425 longe

83 1429 185 1506 positis
210 1432 298 1508 mala;
333 1442 473 1510 quantum
504 1443 602 1491 tomen
633 1443 777 1511 potuero,
806 1443 952 1507 nontam
972 1452 1013 1522 en
1037 1436 1188 1520 scriptoris
1247 1502 1249 1507 ,

84 1525 193 1601 patriae
213 1524 426 1607 scriptorumve
440 1525 638 1600 monimentis,
650 1525 810 1606 -qnippe
852 1545 916 1598 uae,
934 1526 981 1585 vel
1001 1525 1026 1584 si
1046 1547 1102 1605 qua
1121 1511 1188 1589 inie-

83 1615 158 1691 rint,
176 1629 226 1676 aut
245 1603 837 1705 igpilspsqbffstiniiril-iiisis't’affidi‘civium
857 1612 988 1690 exoluti
1010 1609 1100 1680 classe
1120 1608 1188 1681 lon-

82 1711 341 1800 ffltmppgtqta,
367 1697 757 1798 niir”'c“0n1pireani⁵)';“2
770 1699 868 1789 'quam
894 1722 1086 1772 transmarina
1111 1700 1188 1774 rela-

83 1799 182 1877 tione,
202 1823 292 1881 quae,
305 1797 421 1865 crebris
439 1805 552 1885 irrupta
571 1801 851 1883 intercapedinibus,
874 1823 934 1862 non
953 1803 1023 1864 satis
1042 1803 1143 1866 claret.

596 1969 623 2052 s.
645 1977 674 2038 s.

157 2081 491 2145 Etenim'llomanorum
512 2102 607 2164 reges,
627 2103 692 2143 cum
714 2082 794 2143 orbis
813 2082 970 2162 imperium
984 2084 1189 2164 obtinuissent,

67 2174 298 2256 ‘subjugatisque
319 2177 449 2237 finitimis
475 2175 638 2256 quibusque
659 2175 831 2256 regionibus
850 2176 898 2238 rel
923 2176 1023 2239 insulis
1043 2178 1189 2240 orientem
1221 2251 1224 2253 ,

83 2286 193 2342 versus,
218 2269 352 2347 primat)
373 2270 565 2342 Parthorum,
590 2268 732 2328 Indorum
754 2268 930 2346 confinium,
954 2290 1027 2350 pace
1052 2274 1189 2350 parw),

85 2379 139 2436 qua
162 2353 310 2439 peracta,
327 2361 358 2421 in
385 2362 507 2438 omni⁸)
530 2373 609 2421 terra
635 2361 740 2439 tum⁹)
767 2380 917 2424 cessavere
942 2363 1035 2439 bella,
1064 2364 1189 2442 potioris

83 2451 174 2512 lamae
194 2453 304 2514 viribus
324 2454 494 2530 firmassent,
514 2474 576 2514 non
597 2453 734 2530 acies¹⁰)
752 2454 886 2515 flammae
908 2455 1126 2534 quodammodo
1147 2459 1189 2517 ri-

83 2545 143 2625 gidi
162 2547 328 2624 tenoris¹¹)
350 2547 387 2606 ad
407 2547 592 2607 occidentem
613 2545 750 2606 caeruleo
771 2547 875 2606 oceani
894 2557 1028 2606 torrente
1042 2547 1087 2607 vel
1103 2550 1188 2610 cobi-

83 2639 144 2698 beri
163 2641 260 2718 potuit
280 2637 327 2699 vel
348 2640 492 2720 extingui3
517 2641 569 2700 scd
593 2639 783 2699 transfretans
808 2639 919 2699 insulae
944 2638 1067 2718 parendi
1095 2641 1188 2725 leges,

83 2730 161 2792 nullo
183 2732 354 2806 obsistente,
374 2733 498 2808 advexit,
516 2731 725 2810 imbellemque
745 2732 889 2811 populum
900 2733 952 2792 sed
965 2731 1190 2815 infidelem12),

83 2836 220 2886 nontam
241 2827 333 2900 ferro,
354 2836 384 2886 et
404 2825 476 2906 igni,
497 2825 713 2905 machinisque,
733 2838 766 2885 ut
784 2825 854 2885 alias
874 2837 993 2906 gentes,
1015 2846 1100 2905 quam
1119 2828 1190 2890 solis

82 2917 163 2977 minis
181 2919 229 2979 vel
247 2918 424 2998 judiciorum
445 2917 698 2995 concussionibus,
719 2918 1189 3008 13!,superficitht'Fitul:

82 3021 141 3085 tus,
159 3012 198 3070 im
223 3031 302 3070 resso
323 3011 354 3071 in
374 3010 464 3070 altum
484 3011 581 3071 cordis
601 3001 727 3087 dolore,
743 3011 787 3071 sui
808 3011 1009 3072 obedientiam
1032 3012 1188 3091 proferen-

329 3085 434 3098 nu-r-u-n-
448 3087 527 3102 nen-n
538 3094 715 3114 W

86 3099 140 3162 seru
163 3103 265 3163 erlictis
286 3102 461 3185 subjugavit.

86 3236 287 3253 ναι-ο--ι--Ἀ

147 3307 349 3377 illigastis.)
369 3305 400 3358 ld
418 3319 464 3368 est,
480 3304 598 3368 sitientia,
617 3305 648 3368 A,
666 3306 742 3372 gloss.
761 3334 792 3348 ·-
824 3307 850 3361 2.
869 3304 1062 3377 Porphyrius.)
1078 3308 1191 3380 Porpbi-

81 3394 132 3444 rius
150 3393 198 3446 iste
217 3393 320 3462 quidam
338 3389 479 3442 haereticus
497 3390 559 3452 luit,
577 3389 688 3461 ideoque
705 3392 823 3444 nominat
842 3410 901 3441 eum
919 3390 1031 3454 Canem,
1048 3394 1109 3462 quia
1126 3397 1191 3448 dixit

83 3479 150 3546 quod
167 3477 305 3547 prophetin
321 3474 437 3528 Danielis
454 3495 506 3526 nun
524 3475 573 3526 suit
590 3475 739 3544 prophetia,
756 3476 801 3527 sed
819 3474 930 3526 historia.
966 3477 1094 3529 Adversus
1111 3478 1190 3532 istum

82 3561 253 3634 Hieronymus
271 3560 388 3630 exposuit
402 3558 547 3622 Danielem,
563 3561 596 3622 A,
613 3559 639 3610 in
657 3578 735 3625 marg,
762 3561 817 3612 Der
833 3558 937 3610 rabidus
955 3559 1024 3612 canis
1042 3563 1087 3613 des
1096 3561 1190 3614 Textes

82 3647 116 3698 ist
135 3643 355 3713 sugenscheintich
380 3644 490 3708 erborgt.
524 3643 550 3696 S.
569 3643 743 3715 Hieronymus
764 3644 881 3698 Vorrede
903 3664 935 3694 nu
956 3643 1053 3696 seinom
1070 3645 1189 3698 VVerbc:

82 3732 123 3784 De
148 3729 323 3801 scriptoribus
352 3726 544 3780 Ecclesiasticis.
572 3757 604 3768 -
646 3727 670 3783 3.
700 3728 826 3797 Tamen.)
853 3729 979 3790 Tantum,
1003 3728 1041 3791 B,
1057 3729 1089 3794 V,
1104 3729 1129 3781 J.
1157 3757 1189 3769 -·

82 3817 107 3874 4.
125 3816 247 3886 Exsilit'.)
271 3813 408 3873 Exsulum,
425 3811 457 3872 V,
480 3811 505 3862 J.
529 3842 561 3852 —
595 3813 621 3866 5.
640 3812 850 3882 compareant.)
872 3813 917 3879 B3-
928 3827 1090 3882 comparent,
1108 3814 1138 3864 Α.
1157 3841 1189 3853 -

82 3899 107 3951 6.
124 3899 241 3969 Primo.)
265 3897 394 3958 Primam,
416 3897 441 3952 J.
464 3925 496 3938 ·-
532 3895 555 3948 7,
574 3896 688 3966 Porta.)
711 3897 790 3948 Feblt
809 3896 837 3948 in
860 3899 897 3960 A,
920 3897 952 3948 Β.
973 3925 1007 3938 -
1041 3895 1068 3949 8.
1085 3895 1191 3966 Omni.)

83 3983 161 4034 Omni
183 4002 262 4052 pene,
288 3981 325 4045 B,
343 3982 374 4034 V.
399 4009 430 4018 -
464 3980 598 4052 9-1itm.)
621 3983 694 4045 Non,
711 3982 741 4034 B.
770 4012 802 4024 -
837 3981 877 4036 10.
895 3982 996 4048 Acras)
1020 3981 1114 4032 Sensus
1138 3995 1189 4033 est:

84 4065 167 4127 Acies,
183 4065 210 4117 id
228 4080 273 4129 est,
291 4064 539 4135 potentiaRomana,
556 4085 610 4118 non
627 4065 714 4136 potuit
732 4085 829 4118 oceano
847 4064 961 4134 reprimi,
979 4063 1041 4133 quin
1058 4063 1191 4120 invaderet

84 4150 204 4213 insulam,
220 4152 252 4203 V.
271 4152 346 4204 Anam
365 4179 397 4192 -
432 4149 473 4205 ll.
494 4149 629 4221 Teneris.)
650 4152 683 4206 V.
700 4150 798 4216 sebligt
814 4149 918 4202 terroris
936 4168 990 4202 ror.
1008 4179 1041 4191 -
1075 4150 1116 4206 12.
1134 4149 1192 4206 Sed

84 4231 244 4310 ltfidolem.)
266 4238 326 4291 Nou
343 4249 398 4290 tum
415 4236 532 4300 fidelem,
549 4235 581 4290 B.
600 4264 632 4275 -
667 4233 707 4292 13·
729 4233 855 4304 Tamen.)
872 4233 997 4297 Tantum,
1013 4234 1045 4298 V,
1063 4234 1087 4286 J.
