2825 5009
395 1093 661 1188 Praefatio
694 1097 894 1186 Gildae.

598 1331 682 1342 -ιι-ι

87 1571 129 1654 ln
148 1595 213 1655 lroc
231 1593 353 1672 llbr01)
374 1592 511 1674 quicquid
530 1593 670 1654 deflendo
689 1594 789 1673 potius
809 1611 895 1673 qnam
913 1593 1122 1673 declamando,
1145 1597 1197 1662 rili

87 1680 159 1746 licet
179 1686 269 1768 stylo,
289 1699 386 1747 tamen
407 1685 549 1766 benigno,
567 1685 851 1765 sueroprosecutns,
870 1688 986 1766 nequis
1005 1708 1065 1765 mo,
1086 1689 1197 1751 aflectu

90 1789 215 1840 cunctos
233 1779 408 1859 spernentis,
428 1775 599 1840 omnibusve
618 1775 764 1854 melioris,
783 1816 822 1830 -
842 1778 950 1858 quippe
972 1779 1022 1857 qui
1041 1800 1197 1844 commune
1274 1780 1276 1785 ’

87 1871 241 1932 bonorum
272 1871 453 1952 dispendium
483 1870 684 1950 malorumque
710 1871 857 1931 cumulum
881 1870 1041 1947 lacrimosis
1070 1875 1196 1951 querelis

91 1966 228 2042 deileam,
241 1999 279 2013 —
297 1965 348 2024 sed
369 1961 555 2024 condolentis
573 1963 686 2042 patriae
706 1962 995 2024 incommoditatibus
1014 1964 1196 2045 miseriisque

91 2059 161 2136 ejus,
182 2079 218 2120 ac
238 2057 373 2117 remediis
394 2054 635 2130 condelectantis,
651 2056 818 2134 edicturum
837 2068 936 2141 putet;
955 2056 1022 2135 quia
1041 2078 1113 2118 vero
1133 2080 1197 2120 nou
1294 2129 1296 2133 .

89 2161 147 2210 tam
162 2145 394 2211 fortissimorum
409 2147 538 2208 ¹militum
558 2147 715 2208 enunciare
734 2149 824 2208 trucis
843 2147 916 2208 belli
929 2147 1061 2226 periersla
1080 2151 1196 2229 mib12)

90 2253 230 2302 statutum
252 2253 311 2314 est,
336 2261 426 2319 qnam
447 2238 672 2300 desidiosorum„
711 2240 803 2317 sttui,
827 2240 939 2315 fateor,
961 2259 1028 2300 cnm
1051 2241 1195 2304 immfflso

89 2336 195 2396 mentis
217 2329 376 2409 ammos
391 2341 423 2391 et
446 2331 536 2390 mini
556 2333 803 2408 compunctione,
827 2332 983 2413 cordisque
1002 2335 1197 2412 counitione,

91 2439 121 2486 et
138 2427 270 2486 attonito
285 2441 374 2484 *sensu
390 2423 508 2502 saepi-us
527 2423 600 2484 haec
616 2426 719 2484 omnia
737 2427 770 2484 in
790 2425 889 2485 animo
909 2425 1078 2503 revolvere,
1093 2440 1144 2503 et,
1161 2439 1196 2486 ut

89 2520 161 2579 mibi
177 2536 285 2580 renum
301 2525 449 2576 scrutator
469 2515 554 2574 testis
569 2527 617 2576 est
636 2517 797 2592 Dominus,
820 2516 917 2596 spatio
942 2516 1057 2579 bilustri
1076 2530 1194 2598 tempo-

92 2612 183 2690 rtst),
200 2611 249 2673 rel
270 2627 306 2669 eo
320 2603 442 2687 amplius
457 2607 684 2686 praetereuntis,
703 2608 863 2688 imperitia,
883 2609 958 2669 sicut
978 2619 1008 2667 et
1026 2627 1116 2685 nunc,
1135 2603 1194 2670 nna

93 2705 197 2784 euml)
224 2700 374 2764 carissimis
399 2699 499 2776 meir)
525 2697 621 2758 amicis
647 2699 875 2780 imperantibus,
903 2712 936 2760 ut
962 2699 1195 2784 qualemcunque

93 2796 188 2878 gentis
205 2791 395 2856 Britannicae
414 2789 612 2874 historiolam,
630 2791 690 2855 sive
711 2791 989 2854 admonitiunculam
1007 2793 1175 2855 scriberem.

130 3049 132 3054 '
156 3037 184 3096 ¹1·
208 3035 269 3092 Hoc
294 3035 385 3107 libro.)
411 3037 466 3089 Hac
491 3037 615 3106 epistola,
641 3033 666 3088 J.
695 3062 727 3075 -
761 3036 786 3092 2.
808 3035 898 3106 Mitt)
925 3039 962 3104 Ὗς
992 3037 1074 3102 velut,
1102 3041 1134 3091 A.
1161 3068 1195 3080 -

93 3123 117 3178 'd-
134 3115 260 3192 Dolore.)
280 3115 396 3186 Dolore,
409 3135 451 3183 ¹ut
471 3119 546 3184 milri,
572 3119 603 3174 V.
620 3121 699 3176 J.,-
734 3120 758 3174 d.
777 3118 939 3191 Temperat.)
961 3119 1040 3172 Fehlt
1061 3119 1089 3171 in
1111 3121 1143 3175 V.
1161 3148 1193 3161 -

94 3203 117 3259 5.
137 3204 204 3260 Una
220 3205 302 3273 cum.)
318 3203 376 3258 Una
393 3225 452 3258 cum
464 3200 557 3257 vilibus
574 3224 616 3256 me
632 3204 730 3256 meritis
749 3203 922 3256 inhibentibus
938 3223 971 3255 nc
989 3205 1194 3276 qualemcunque

94 3289 336 3342 adrnouitiunculam
353 3289 499 3347 scriberem.
528 3289 658 3356 tegetum
675 3289 854 3352 nibilominus,
872 3287 1049 3341 adrniraudum
1066 3289 1196 3356 legislato-

92 3371 148 3425 'rem
166 3377 201 3426 ob
222 3373 297 3426 unius
319 3369 608 3439 rerbi'dubitationem
630 3371 737 3426 Terram
753 3371 958 3426 Desiderabilem
983 3391 1036 3425 non
1052 3371 1195 3440 introiisse;

93 3457 161 3510 lilios
172 3457 324 3510 ‘Sacerdotis
341 3457 452 3510 alienum
470 3458 631 3512 admovendo
648 3457 721 3510 altari
737 3457 836 3527 ignem,
854 3455 906 3509 cito
927 3455 995 3507 exitu
1011 3454 1129 3525 periisse;
1145 3474 1195 3525 po·

95 3542 183 3608 pulum
201 3541 340 3593 verborum
356 3538 408 3593 Dei
424 3543 654 3612 praevaricatorem
671 3561 776 3594 omnem
792 3543 825 3594 ad
842 3560 932 3603 unum,
948 3536 1196 3610 [praevaricatorem

96 3635 269 3676 sexcentorum
286 3624 406 3691 millium,
421 3625 462 3700 d]
482 3627 583 3678 duobus
600 3627 711 3696 exceptis
728 3625 867 3700 veracibus,
884 3639 910 3676 et
926 3623 1031 3692 quidem
1040 3621 1101 3672 Deo
1120 3622 1195 3674 caris·

95 3708 195 3773 simum,
213 3739 244 3750 -
263 3701 361 3780 qnippe
377 3710 417 3762 cul
434 3711 484 3763 iter
496 3709 627 3762 'levissime
645 3724 752 3763 stratum
768 3709 892 3780 probandi
909 3709 991 3775 glarea
1007 3705 1087 3758 Maris
1102 3704 1195 3769 Rubri,

95 3791 164 3844 cibus
181 3793 299 3846 coelestis
315 3793 400 3863 pann,
417 3809 494 3863 potus
510 3813 592 3846 novus
613 3813 642 3846 ex
659 3813 724 3863 rupe
741 3784 828 3846 viator¹
841 3791 991 3864 [viatorius,
1007 3787 1055 3862 V.]
1073 3789 1139 3841 acies
1155 3789 1195 3840 in-

95 3875 160 3952 victa
176 3891 297 3929 manuum
314 3877 370 3928 sola
386 3877 483 3930 intensa
499 3877 594 3929 erectio
613 3875 767 3948 [erectionc,
784 3876 833 3952 Ἃ]
848 3877 935 3940 firerb,
951 3902 986 3918 -
1002 3873 1097 3936 bestiis,
1114 3873 1194 3938 ferro,

95 3957 144 4022 igni
165 3979 213 4029 per
234 3961 343 4013 Arabiae
367 3960 465 4013 deserta
487 3961 593 4030 sparsim
616 3961 750 4029 cecidisse;
775 3975 834 4032 post
850 3962 989 4028 ingressum
1006 3958 1107 4023 ignotae
1123 3974 1154 4008 ac
1171 3953 1194 4008 sl

95 4041 212 4095 Jordanis
236 4057 337 4112 portae,
366 4045 487 4113 urbisque
509 4046 613 4097 adversa
637 4043 753 4116 [ignotae
776 4061 858 4097 terrae
880 4064 909 4097 ac
932 4041 1043 4095 fluminis
1064 4039 1194 4109 Jordanis,

25 4195 26 4198 Ἴ
50 4119 53 4124 ’
95 4139 178 4189 portas
194 4128 264 4178 urhis
281 4129 447 4199 adversaque,
465 4125 512 4200 V.]
528 4123 642 4193 moenia,
664 4129 727 4181 solis
742 4122 863 4181 tubarum
879 4126 1039 4194 clangoribus
1054 4125 1124 4197 jussu
1139 4124 1193 4176 Dei

25 4227 26 4242 π
97 4207 210 4279 subruta,
226 4209 363 4280 palliolum
381 4212 485 4282 aurique
502 4231 593 4282 parom
610 4214 642 4265 de
660 4209 820 4267 anathemate
831 4226 1006 4285 praesumtum
1016 4211 1113 4266 multos
1129 4222 1193 4265 stra-
