2825 5009
169 1099 547 1186 Armnonanna
587 1097 836 1230 Juoouns
878 1091 1127 1187 Uoconius
1245 1159 1248 1168 .

531 1275 763 1353 ιιιιιιριιωριι
1002 1287 1008 1296 ·

263 1489 336 1575 lle
359 1477 677 1580 civitatibus
704 1489 1028 1591 Britanniae.

57 1935 62 1944 ’
82 1893 185 1984 Haec
198 1931 266 1980 tunt
279 1923 398 1984 nomina
413 1923 544 1983 omnium
559 1921 720 1998 civitatum,
734 1941 809 2000 quac
823 1931 892 1981 sunt
905 1920 936 1979 in
949 1931 1013 1981 tota
1030 1919 1196 2001 Britannia,

84 2034 218 2093 quorum
237 2034 373 2078 numerus
394 2028 438 2076 est
456 2007 601 2074 XXVIII:

83 2124 111 2185 Ι.
160 2128 248 2186 Cair-
232 2130 420 2206 -Guintpuic,
447 2143 521 2206 quac
540 2124 751 2186 Norwicum
778 2123 900 2186 fortasse
921 2125 1011 2186 luerit
1029 2125 1200 2204 (Britannis

128 2216 386 2278 Gaii-Guntia
406 2215 612 2298 appellatum),
631 2215 677 2277 vel
691 2217 789 2297 potius
802 2218 990 2278 Winwick
1002 2219 1199 2280 Lancastrtn-

126 2310 218 2370 sium:
239 2311 330 2372 veteri
349 2311 431 2372 Ninii
451 2309 619 2372 Glossatori
634 2310 868 2372 Wincestria
888 2311 948 2373 sive
962 2311 1126 2372 Wintonia
1146 2324 1198 2373 est„

84 2422 129 2481 Il.
175 2425 263 2482 Cair-
247 2425 388 2498 -Mtnctp,
416 2419 464 2482 vel
493 2425 630 2496 Municip,
660 2422 737 2500 apud
767 2423 859 2483 llcnr.
888 2422 1200 2504 Huntingdonicmem

125 2535 285 2606 perperam
305 2512 479 2593 Mercipit
498 2512 646 2592 scriptum.
685 2513 740 2572 Est
759 2515 1008 2574 Vcrolamiu'm
1029 2515 1121 2591 (juxta
1142 2533 1199 2594 op-

125 2607 228 2690 pidum
248 2597 311 2668 Scti
330 2602 460 2684 Albani)
481 2606 560 2684 quod
580 2605 783 2666 Romanorum
801 2604 984 2686 temporibus
1004 2604 1199 2685 Municipium

127 2695 218 2764 fuisse
239 2722 273 2762 ex
292 2693 398 2760 Tacito
419 2710 544 2766 constat
623 2749 626 2754 ,

86 2812 150 2874 ΙΠ.
188 2816 335 2893 lionam,
355 2811 390 2871 al.
410 2809 572 2888 Lupenii,
563 2832 582 2870 ι.
603 2829 629 2870 e.
648 2809 884 2891 Luguballiat
910 2830 985 2890 quac
1004 2810 1198 2893 Huntingdo-

127 2905 224 2966 nicusi
243 2902 451 2976 Cain-Len,
471 2902 562 2983 vulgo
583 2900 694 2966 Catlilc
715 2905 829 2966 dicitur.

86 3016 145 3076 IV.
187 3017 431 3094 vair-Mequuicl,
457 3012 494 3072 al.
514 3018 660 3092 Melpum,
684 3015 774 3099 vulgo
795 3016 941 3079 Meivod
968 3016 999 3076 in
1019 3017 1197 3097 Mongoma·

128 3109 218 3169 riensi
238 3107 389 3170 Comitatu
408 3107 514 3188 potita,
533 3118 564 3166 ct
581 3106 756 3170 Ptolemaeo
776 3129 811 3170 ac
823 3107 978 3170 Antonino
997 3108 1198 3170 Mediolanum
1311 3138 1316 3147 ·

130 3199 201 3260 olim
222 3199 306 3261 dicta.

86 3313 127 3372 V.
169 3315 366 3386 cat-cotio,
386 3311 433 3372 val
454 3314 558 3372 colon:
579 3327 654 3391 quae
674 3310 822 3373 Ganfrido
841 3310 1080 3374 Monetuuthonsi
1099 3309 1149 3389 (L.
1159 3312 1199 3389 V,

128 3405 203 3466 Blit.
223 3404 299 3466 Hist.
324 3393 350 3466 ci
365 3405 410 3484 6.)
434 3414 466 3465 et
489 3404 583 3465 Heni.
608 3405 882 3488 Huntingdonieuti
907 3403 1119 3468 Colccstria
1145 3415 1199 3481 est,

127 3499 164 3558 acl
185 3494 265 3560 Coln
289 3497 411 3558 fluvium
436 3497 509 3576 sita,
537 3509 567 3559 et
586 3498 742 3559 Antonino
770 3499 801 3559 in
819 3499 976 3560 itinerario
997 3495 1127 3556 Colonia
1145 3516 1199 3576 ap-

129 3581 246 3699 pellata.
279 3591 516 3652 Hartechiam
537 3591 624 3652 ctiam
638 3591 802 3652 Meminiac
821 3592 926 3652 urbem
945 3591 1074 3651 almare
1087 3588 1199 3650 llibcr·

129 3685 228 3746 nicum
253 3685 393 3764 positam,
419 3682 509 3744 Cair-
517 3682 618 3746 Colun
644 3685 716 3746 olim
741 3684 829 3771 luisse
853 3686 960 3746 dictam
980 3683 1147 3745 Camdcnus
1166 3683 1199 3741 ln

129 3778 312 3838 Morionoth-
315 3777 393 3838 shire
412 3777 548 3838 affirmat

87 3887 144 3950 Vl
185 3892 276 3949 Ouir-
282 3891 413 3962 lllrouc,
438 3888 475 3948 al.
502 3893 591 3950 Cotr-
598 3895 702 3951 Brouc
741 3856 942 3951 Eboracum
968 3890 1012 3949 e‘st
1035 3885 1198 3966 (ΛΙρΙιιιΙ.

127 3980 278 4044 Bevtrlac.
299 3992 329 4041 et
349 3981 387 4039 Η.
403 3979 630 4066 Huntingd..)
853 4011 856 4016 ·

86 4077 159 4152 vll
192 4095 281 4153 Ouir-
290 4093 428 4165 cosletot
448 4091 506 4152 i..e
527 4093 608 4154 Urbs
621 4091 789 4155 Constautn
804 4092 852 4153 vel
866 4089 1062 4155 Constantini
1089 4089 1115 4153 G
1124 4091 1198 4153 alr

128 4177 260 4245 Sciont
285 4197 343 4261 est,
372 4205 467 4268 prope
489 4186 580 4249 Cair—
588 4185 727 4262 Nerion,
753 4184 922 4247 Constantii
942 4187 1020 4247 enlm
1039 4183 1094 4246 filii
1114 4183 1198 4247 Gon-

127 4275 250 4338 tttntini
263 4269 375 4358 ltlagni,
395 4278 580 4359 sepulchrum
594 4280 750 4341 monstrari
768 4281 849 4360 juxta
859 4279 975 4359 urben,
988 4285 1064 4360 quae
1076 4289 1199 4350 vocatur
