2825 5009
1149 419 1189 491 91

126 577 160 626 et
180 530 508 628 westmonasteriensis
527 544 570 628 ¹acl
595 589 662 628 ann.
682 571 741 648 52)
773 567 842 630 Kair
868 570 1076 650 penlacvelc‘oit
1105 577 1198 639 inter-

126 669 263 739 pretatur
288 659 481 736 Exoniam,
510 681 566 740 pro
599 679 655 740 qua
683 663 715 722 in
741 663 984 746 Heidelbergensi
1010 665 1199 732 Britannicae

125 751 279 822 Historiae
300 752 431 812 editione
451 753 504 832 (L.
518 751 573 830 IV,
594 775 617 814 c.
638 758 696 834 lo)
717 767 748 816 et
765 756 798 815 in
815 768 917 819 vetere
935 758 1124 838 Ascensiana,
1144 781 1199 844 per

128 865 262 906 errorem
282 843 437 906 substituta
458 857 502 905 est
522 843 673 909 Oxonla.
712 847 824 909 Verum
842 849 1002 926 Exoniam,
1028 871 1103 934 quae
1123 855 1199 917 dici-

57 969 62 978 ·
124 950 177 998 tur
195 933 340 998 saxonice
360 939 591 1000 Eaxcenceastre
611 939 723 1022 (vulgo
748 941 928 1003 conuactins
947 944 1142 1026 Excestcr)
1165 951 1200 1012 nt

124 1031 269 1092 Romanis
301 1031 399 1092 Jseam
437 1031 690 1108 Harmoniam,
728 1035 770 1097 ita
808 1054 825 1094 a
864 1035 1014 1100 Britannis
1036 1044 1198 1119 ,(testante

127 1123 217 1183 etiam
241 1123 361 1184 Asseria
382 1125 552 1186 Manavensi
572 1125 604 1184 in
631 1127 720 1206 gestis
739 1125 874 1188 Aellredi
892 1127 983 1211 Regis
1002 1134 1093 1194 Anno
1112 1138 1197 1214 876,)

128 1216 315 1277 Cair-Wisc
344 1217 392 1278 vel
424 1217 567 1278 Cair·Ise
596 1219 775 1300 appellatam
806 1219 895 1281 luisse
928 1235 1052 1285 constat.
1096 1227 1200 1308 ltaque

127 1307 297 1370 Camdenus
317 1323 429 1386 noster,
448 1311 502 1370 hac
521 1310 674 1392 repudiata
693 1312 840 1373 sententia
861 1311 989 1375 Galiridi
1008 1315 1072 1378 Pen
1084 1319 1200 1381 Uchel-

128 1402 201 1476 coit,
222 1402 386 1464 Ptolemaei
407 1403 554 1478 Uzellam,
574 1414 604 1462 et
624 1399 876 1466 Cornubiensium
894 1405 1084 1470 Lestuthiell:
1117 1412 1201 1474 Ninii

126 1515 199 1560 vero
231 1495 440 1557 Pontavclcoit
471 1496 638 1578 Ptolemaei
668 1497 819 1572 ischalin,
856 1509 889 1557 et
920 1489 1200 1567 somersettensium

126 1588 292 1648 Juelcester
321 1589 410 1650 luisse
442 1589 596 1652 existimat:
630 1591 710 1670 prius
740 1589 814 1649 illud
845 1611 955 1652 nomen
985 1593 1200 1674 Britannicum,

126 1692 260 1743 montem
281 1682 390 1742 editum
416 1683 447 1741 in
471 1683 560 1759 silva,
583 1673 748 1764 posterius,
772 1694 896 1762 pontem
921 1685 1047 1755 adiuel
1067 1687 1200 1767 insilia,
1230 1684 1233 1689 ’

125 1775 345 1855 interpretatus.
384 1775 459 1836 Mihi
483 1787 583 1840 tamen
595 1775 683 1835 'Ninii
703 1774 910 1836 Pensavclcoit
929 1777 1081 1839 Guilielmi
1100 1779 1200 1844 Picta-

125 1867 245 1942 viensis,
265 1866 402 1928 Orderici
422 1868 546 1943 Vitalis,
566 1879 597 1928 et
616 1867 769 1928 Guilielmi
790 1866 1020 1944 Gemeticensis,
1038 1870 1199 1934 Penuesel-

126 1959 189 2018 lum
210 1961 307 2040 potius
328 1961 415 2042 fuisse
435 1961 581 2035 videatur3
602 1979 676 2039 quae
696 1959 860 2020 Pemseia
880 1960 968 2022 hodie
989 1962 1081 2039 dicta,
1100 1965 1198 2044 primo

127 2053 280 2114 Guilelmo
300 2053 465 2114 Normanni
489 2053 522 2113 in
540 2051 679 2133 Angliam
704 2052 828 2133 appulsu
848 2053 973 2115 celebris
998 2067 1050 2115 est.
1092 2054 1149 2117 Cui
1169 2071 1200 2119 et

126 2146 291 2208 Britannici
315 2145 452 2207 vocabuli
478 2147 539 2206 coit
565 2145 692 2223 adjectio
722 2166 784 2205 non
818 2146 893 2206 male
927 2147 1079 2224 convenit3
1109 2170 1199 2229 quum

124 2239 304 2301 silvestribus
330 2241 447 2321 sepibus
472 2240 562 2301 densa
587 2238 690 2316 suerit,
720 2239 752 2299 in
783 2260 840 2318 qua
866 2238 939 2299 hacc
967 2239 1022 2300 sita
1047 2251 1091 2300 est
1127 2240 1199 2303 Sus·
1301 2299 1304 2302 .

128 2333 266 2394 seniensis
286 2333 386 2416 regio..

89 2462 202 2522 XXVI.
244 2464 338 2522 Ooir-
351 2463 472 2522 Unaocls
523 2459 610 2535 Quae
646 2457 798 2520 Camdeuo
831 2457 1007 2521 Uriconium
1039 2459 1200 2539 Antonini3

128 2553 325 2614 Viroconium
357 2553 541 2629 Ptolemaei,
580 2563 610 2613 ct
642 2551 860 2632 salopiensium
892 2551 1074 2612 Wroxceter
1109 2551 1199 2642 ¹fuisse

129 2648 254 2713 videtur.

87 2776 230 2836 xxv11.-
257 2776 504 2838 coar-catastas
545 2772 644 2848 Quam
669 2773 748 2852 idern
767 2771 1045 2835 somersettensium
1066 2769 1200 2834 Camalet

129 2867 219 2930 luisse
239 2868 368 2950 conjicit.

87 2995 234 3060 XXVIII.
274 2998 537 3074 coir-luit-coyt.
579 2995 666 3071 Quae
690 2994 844 3076 lllphredo
869 2994 1090 3072 Bcverlaceusi,
1115 2995 1201 3056 Hen-

128 3089 193 3152 rico
213 3088 487 3172 Huntingdoniensi
512 3100 542 3150 et
560 3088 719 3168 Ran'ulpho
741 3087 836 3152 Cestr.
852 3099 907 3168 ⁸est
925 3088 1137 3165 Lincolnia,
1160 3109 1199 3150 ne

132 3183 197 3265 quis
222 3184 259 3244 ad
280 3182 438 3244 Scotorum
457 3181 642 3244 Albiensium
666 3181 767 3242 silvam
792 3180 984 3244 Caledoniam
1011 3182 1043 3243 in
1061 3182 1201 3260 Albania,

131 3297 193 3365 quo
212 3277 342 3340 Saxones
362 3297 522 3358 numquam
541 3286 752 3358 penetrarunt,
771 3275 892 3341 referat.

547 3497 749 3507 ...m

169 3659 231 3722 Pro
250 3659 277 3738 l,
297 3660 369 3736 VII,
386 3660 415 3718 X
434 3669 465 3720 et
482 3653 566 3718 XXV
585 3654 732 3718 Hernicus
745 3656 1033 3740 Huntingtlonicnsis
1050 3656 1082 3718 in
1101 3659 1198 3740 primo

92 3754 293 3816 ilistoriarum
312 3773 429 3815 suarum
448 3752 544 3826 libro,
562 3761 720 3831 sequentes
739 3772 788 3814 sex
806 3751 962 3834 supponit:
1012 3828 1014 3831 Ι

91 3885 119 3944 Ι.
161 3887 348 3956 cair-utos,
366 3881 386 3940 i.
407 3899 433 3940 e.
454 3879 790 3958 Glovec'eastriam,
811 3882 848 3941 de
868 3900 926 3960 qua
944 3879 1062 3942 Ninius:
1083 3879 1198 3943 Glovus

133 3977 297 4039 aedificavit
315 3973 419 4036 urbem
438 3992 575 4056 magnam
593 3993 682 4053 super
699 3973 795 4053 ripam
812 3973 940 4034 fluminis
953 3973 1106 4050 sabrinae,
1126 3991 1201 4054 quac

132 4082 256 4132 vocatur
268 4066 441 4130 Britannico
460 4084 596 4127 sermone
617 4063 807 4141 Gaia-Glari,
827 4065 972 4127 Saxonice
991 4077 1089 4127 antem
1102 4065 1201 4128 (ilon-

133 4174 237 4225 cester.
275 4161 353 4222 Vide
373 4160 454 4221 Guil.
473 4147 573 4220 llalm.
592 4158 626 4220 L.
646 4159 701 4234 IV,
721 4158 758 4219 de
778 4155 981 4226 Pontificibus.

93 4290 149 4362 11„
178 4293 339 4366 vair-Gai,
358 4290 377 4360 i,
398 4309 424 4360 a,
446 4287 653 4364 ciceastriam,
670 4284 761 4369 vulgo
782 4283 1009 4359 chichester,
