2825 5009
1095 337 1195 424 'us

93 513 231 593 girum).
269 509 430 588 Susceptus
450 509 494 570 sir
512 505 711 588 suscipiendus
735 527 752 568 a
772 505 981 570 Glastoniense
1007 510 1114 573 abbate
1140 515 1197 573 rto.
1256 491 1262 498 ’

94 604 153 664 cuit
170 602 336 664 confratres
362 612 393 660 et
416 601 543 662 diuersas
562 599 680 679 plebes,
702 600 851 662 seminans
868 619 981 662 semem
994 603 1197 666 seminandum

95 695 228 756 coelestis
249 693 410 754 doctrinae.
448 693 495 752 Ibi
516 692 632 772 scripsit
650 692 796 754 Historias
819 693 856 752 de
875 693 996 774 regibus
1015 694 1196 759 Britanniae.

95 787 306 864 Gtastoniaa),
330 785 360 845 id
386 796 430 845 cst
454 784 534 844 Urbs
553 783 655 844 Vitrea
675 786 772 863 (quae
796 803 905 845 nomen
932 785 1034 846 sumsit
1057 807 1074 846 a
1099 789 1198 870 vitro)

95 881 178 956 est⁸)
198 876 309 954 urbst)
333 877 455 937 nomine
474 876 609 956 primitus
632 875 664 934 in
683 875 856 937 Britannico
882 897 1029 937 sermone.
1069 879 1198 944 Obsessa

94 982 136 1032 est
153 971 256 1049 itaque
273 968 311 1028 ab
328 967 440 1030 Acturo
460 979 588 1048 tyranno
608 988 673 1028 cnm
692 968 900 1030 innumerabili
917 967 1105 1032 multitudine
1125 995 1198 1054 pro·
1241 985 1401 1046 waso*-

94 1074 159 1142 pter
183 1031 834 1135 Grmrurart)““u·it“r·ern““s“‘r'iii”v'iilaum
865 1071 896 1122 et
923 1071 1038 1141 raptam
1062 1084 1079 1123 a
1110 1087 1198 1145 prae-
1207 1061 1401 1202 ΑΜ)

94 1152 173 1214 dieto
202 1151 307 1230 iniquo
331 1168 421 1232 rege,
450 1161 483 1211 et
507 1150 548 1210 ibi
578 1151 711 1226 ductam,
739 1164 864 1232 propter
887 1151 1035 1235 refugium
1063 1156 1199 1220 inviolati

93 1245 169 1322 loci,
193 1253 318 1324 propter
343 1242 591 1322 inundationesl)
618 1242 786 1306 arundineti
810 1263 844 1304 ae
868 1244 997 1306 fluminis
1021 1249 1201 1328 et'paludis,

96 1358 178 1400 causa
198 1334 317 1398 surdae.
357 1335 552 1410 Quaesiverat
567 1336 771 1419 „membellis
794 1337 927 1419 reginam
951 1339 1111 1418 peronius
1129 1345 1201 1403 anni
1284 1363 1287 1372 ’

96 1429 250 1504 circulum,
282 1427 393 1489 audivit
420 1427 540 1490 tandem
570 1427 657 1494 illam,
677 1441 888 1492 remanentem.
925 1429 1012 1490 Illico
1039 1435 1201 1497 commovit

96 1521 237 1584 exereitus
248 1520 282 1598 ⁷)
300 1521 390 1582 totius
402 1519 573 1582 Corunbiae
586 1532 624 1582 et
636 1520 860 1599 Dibueniae⁸);
879 1509 1013 1601 paratum
1032 1534 1078 1584 est
1090 1523 1201 1587 bellum

95 1615 172 1675 inter
191 1611 335 1676 inimicos.
1316 1623 1320 1632 '

596 1759 624 1844 ἓ.
644 1767 692 1830 11.
734 1764 740 1773 ‘

170 1875 239 1935 Hoc
263 1873 343 1950 viso,
367 1873 457 1936 abbas
483 1871 672 1948 Glastoniae,
697 1870 856 1933 comitante
881 1873 962 1934 clero
989 1886 1019 1935 et
1039 1874 1129 1938 Gilda
1153 1897 1201 1938 sa-

94 1967 212 2046 piente,
236 1964 356 2030 intravit
378 1964 487 2026 medias
508 1964 602 2042 acies,
621 1964 769 2027 consuluit
788 1963 899 2026 Melvas
917 1966 986 2046 regi
1005 1986 1058 2028 suo
1078 1970 1201 2048 pacifice

96 2069 126 2118 ut
144 2059 284 2119 redderet
303 2069 433 2137 raptam3
452 2056 566 2118 reddita
587 2076 660 2138 ergo
681 2056 747 2132 luit,
767 2077 842 2135 quae
857 2057 1008 2120 reddenda
1022 2060 1127 2140 luerat,
1147 2084 1202 2143 per

94 2171 198 2232 pacem
223 2162 253 2211 et
279 2149 519 2213 benivolentiam.
550 2150 612 2210 -His
637 2149 778 2229 peractis,
807 2151 864 2211 duo
890 2171 976 2232 reges
1005 2150 1105 2233 largiti
1133 2167 1202 2217 sunt

97 2243 196 2308 abbati
216 2244 307 2303 multa
325 2241 486 2316 territoria,
506 2241 556 2321 qui
576 2254 723 2304 venerunt
741 2242 778 2302 ad
791 2242 947 2322 Templum
962 2243 994 2306 S.
1007 2243 1118 2306 Mariae
1131 2248 1202 2309 visi·
1258 2317 1260 2320 .

95 2337 215 2398 tandum
240 2347 271 2395 et
297 2335 455 2408 orandum,
481 2333 673 2394 confirmante
698 2334 806 2395 abbate
830 2334 1045 2397 fraternitatem
1065 2339 1203 2401 dilectam

94 2451 147 2511 pro
169 2447 243 2510 pace
262 2426 361 2488 habita
381 2438 411 2486 et
429 2444 485 2506 pro
505 2425 656 2488 beneficiis
678 2447 753 2506 quae
773 2427 917 2503 fecerant,
936 2439 967 2487 et
986 2431 1112 2508 amplius
1127 2453 1203 2513 quae

97 2522 203 2590 facturi
222 2531 315 2582 crant.
345 2519 420 2578 Inde
439 2518 592 2578 redierunt
609 2538 697 2600 reges
716 2519 872 2599 pacificati,
890 2520 1098 2600 promittentes
1111 2543 1201 2587 vene-

95 2626 195 2677 ranter
210 2611 333 2675 obedire
352 2609 586 2674 reverentissimo
607 2612 704 2672 abbati
719 2611 903 2687 Glastoniae,
922 2623 954 2673 et
971 2633 1123 2694 nunquam
1135 2617 1200 2678 vio·

96 2707 155 2770 lare
175 2705 387 2772 sanctissimum
406 2704 519 2778 locum,
538 2721 595 2764 nec
615 2702 702 2764 etiam
722 2703 904 2784 subjacentia
921 2704 991 2766 loco
1011 2705 1177 2788 principali.
1299 2781 1302 2786 ⁸

595 2869 624 2956 ἓ.
646 2879 691 2942 12.

170 2987 279 3049 Habita
297 2982 416 3045 licentia
436 2981 550 3044 abbatis
571 2982 798 3059 Glastoniensis,
817 2983 888 3043 cleri
908 2995 939 3043 et
957 2981 1072 3063 populi,
1091 2985 1204 3065 cupivit

95 3080 330 3165 religiosissimus
346 3075 448 3136 Gildas
461 3076 656 3136 eremitariam
672 3077 778 3136 iterum
790 3075 882 3136 vitam
895 3073 995 3136 colere
1008 3095 1096 3154 supra
1109 3077 1204 3156 ripam

95 3175 224 3239 fluminis
248 3169 373 3252 proximi
394 3167 583 3245 Glastoniae,
608 3179 639 3228 et
656 3168 840 3231 voluntatem
866 3167 1026 3247 complevit
1050 3167 1081 3226 in
1102 3188 1204 3247 opere.

96 3271 143 3332 lbi
165 3264 329 3329 aedificavit
348 3259 499 3324 ecclesiam
524 3260 554 3318 in
574 3259 695 3320 nomine
715 3271 834 3321 sanctae
859 3268 890 3319 et
913 3259 1084 3320 individuae
1100 3260 1202 3320 Trini-
1332 3301 1350 3336 0

96 3365 173 3439 tatis,
193 3361 224 3421 in
244 3378 300 3439 qua
317 3354 470 3435 jejunabat
489 3364 520 3412 et
539 3352 644 3414 orabat
661 3353 775 3413 assidue
797 3362 827 3411 et
846 3351 942 3413 cilicio
956 3351 1086 3429 indutus,
1106 3373 1205 3416 erem-

96 3458 178 3538 plum
193 3455 304 3514 donans
324 3448 458 3510 omnibus
471 3443 729 3526 irreprehensibile
747 3445 825 3505 bene
839 3443 955 3506 vivendi
968 3465 1034 3504 cum
1047 3446 1204 3528 religione.

511 3539 517 3564 l

98 3579 301 3594 ------

97 3659 149 3693 von
167 3637 275 3694 Camlan
297 3633 325 3686 in
347 3634 479 3689 Conwall
503 3631 654 3704 emplangen
676 3631 754 3684 batte.
788 3630 871 3684 Usber
891 3631 935 3683 bat
952 3629 1020 3682 niele
1036 3630 1206 3687 Nacbricbten

96 3727 162 3777 fiber
179 3724 230 3776 den
247 3719 409 3786 Gcgenstaud
425 3717 582 3784 gesammelt.
617 3717 644 3772 S.
661 3716 792 3770 Primord.
809 3737 836 3787 p.
853 3714 913 3789 bil,
929 3709 980 3770 615
996 3733 1067 3786 seqq.

166 3807 191 3862 l.
207 3804 322 3860 Aestiva
344 3803 480 3872 regione.)
507 3801 626 3858 Nemlicb
648 3800 856 3854 Somersetsbire.
890 3802 917 3856 S.
933 3801 1029 3864 Uslrer,
1050 3821 1078 3870 p.
1095 3798 1153 3854 469.
1172 3828 1204 3843 -

96 3894 122 3948 2.
142 3871 292 3944 cantora
310 3912 342 3926 -
360 3888 390 3937 n
407 3886 508 3955 opere.)
531 3885 609 3938 nou
630 3885 674 3938 ses
691 3885 783 3956 capo.
801 3915 834 3925 -
868 3883 893 3940 a.
910 3884 1051 3955 nis-nr,
1074 3884 1152 3937 uss.
1171 3912 1204 3927 .-

96 3977 124 4030 d.
144 3969 238 4042 Urbs.)
259 3969 351 4032 Urbis,
366 3967 457 4022 Usber.
474 3999 507 4010 -··
541 3969 776 4039 blidenum)
801 3967 971 4032 Guennimar,
989 3972 1027 4034 As
1047 3968 1205 4025 (iuennivan

96 4059 189 4110 Usbcr.
208 4083 239 4094 -
268 4055 292 4107 6.
310 4049 532 4123 mundationes.)
549 4054 717 4118 Munitiones,
733 4053 824 4107 Usber.
836 4085 870 4098 -
895 4054 920 4110 7.
936 4053 1108 4124 Exercitus.)
1125 4054 1206 4107 Erer-

98 4140 194 4204 citum,
210 4139 301 4191 Usber.
321 4167 353 4180 -
386 4136 412 4192 8·
429 4135 607 4206 Ds'bttettt'ae.)
625 4140 656 4201 A,
673 4138 712 4204 U;
728 4138 876 4202 Devoniae,
891 4138 929 4204 B;
945 4137 1028 4190 Usber
1043 4138 1160 4191 bemerlt
1177 4137 1204 4190 in

99 4224 172 4277 einer
187 4225 268 4278 Note:
285 4221 448 4289 ‚,Desouiae,
466 4221 701 4276 Gambrobritanuis
717 4223 863 4295 Duflneynt
879 4221 988 4276 dictae.“
