2825 5009
1134 375 1182 456 ⁷0

63 529 178 595 ebrum
195 538 226 596 st
242 529 408 597 stertuit
425 547 458 596 εε
476 527 555 609 juta
573 527 666 606 illud,
681 530 812 610 (actitavit¹
830 529 930 602 areat
946 530 1049 608 tacut,
1065 531 1099 596 ‘n
1115 553 1177 597 una

61 623 257 706 longitudine
276 621 466 686 inveniuntur
484 620 672 704 sepulchrum
690 633 723 690 et
745 621 850 698 boam
872 633 905 687 rt
925 623 952 686 ti
974 623 1176 693 manthana

62 714 168 778 brevis
194 726 226 778 et
244 736 349 797 parvus
368 716 519 793 similiter,
543 727 575 782 et
593 715 751 799 longitudo
769 715 918 798 sepulchri
939 717 1018 797 juta
1036 728 1177 785 staturam
1305 737 1309 742 ’

62 807 197 870 hominis
217 809 374 873 iuvenitur.
411 809 495 873 Etsi
514 807 605 870 luerit
621 809 730 891 longus
749 821 837 890 atque
862 828 1020 890 procerus,
1044 812 1131 882 etiam
1150 813 1177 878 ai

64 901 173 964 fuisset
195 902 228 963 in
254 901 441 986 longitudine
465 913 594 983 quatuor
617 904 786 965 cubitorum
806 903 887 982 juxta
909 913 1051 968 staturam
1074 905 1178 970 uuius-

64 996 212 1076 cujusque
243 994 370 1056 bominis
391 993 441 1058 'sic
469 995 597 1060 tumulus
625 997 782 1078 reperitur
819 998 860 1058 Et
884 995 979 1059 omnis
1004 998 1177 1085 peregrinus
1238 1074 1245 1084 l

63 1089 277 1168 taediosusquc
297 1089 403 1163 bomo,
426 1087 450 1150 si
475 1097 534 1152 tras
553 1089 707 1160 flectiones
726 1089 891 1154 flectavccit
906 1090 987 1171 juxta
1005 1090 1095 1169 illud,
1113 1111 1178 1162 aon

65 1181 127 1243 erit
143 1181 275 1246 taedium
293 1203 383 1267 super
400 1201 433 1246 se
452 1202 545 1266 usque
565 1184 603 1245 ad
621 1183 699 1244 diem
718 1184 822 1246 mortis
840 1203 921 1261 auae,
940 1195 972 1246 et
989 1203 1053 1292 tyn
1072 1206 1178 1272 gravas

64 1274 150 1334 bitur
169 1273 276 1334 iterum
299 1273 362 1336 ullo
386 1275 486 1341 taedio
507 1275 639 1345 etiamsi
664 1278 770 1340 abisset
792 1279 872 1341 aolus
895 1277 928 1338 in
954 1278 1092 1345 extremit
1107 1277 1178 1341 bnt.

65 1366 126 1429 bus
147 1366 246 1429 cosmi
327 1436 345 1493 f

555 1534 584 1620 §-
604 1543 651 1606 75·
666 1541 698 1617 ¹)

147 1638 288 1708 Primum‘
295 1645 468 1711 miraculum
487 1657 532 1711 cat
550 1647 618 1708 litua
631 1649 695 1710 sine
713 1649 804 1728 mari3
822 1649 984 1718 secuudum
994 1646 1178 1728 miratum,
1222 1671 1226 1674 ·

68 1752 115 1803 εει
134 1739 179 1800 ibi
198 1730 283 1800 mois
303 1738 354 1819 qui
372 1749 495 1821 gyratur
518 1740 613 1802 tribus
631 1741 743 1804 vicibus
766 1744 798 1803 in
824 1759 920 1818 anu03
944 1743 1064 1808 tortium
1088 1741 1178 1804 mira·
1248 1789 1251 1794 .

68 1832 171 1894 culum
191 1843 236 1894 est
253 1832 359 1907 vadus,
385 1831 504 1914 quando
523 1831 684 1896 inundatur
702 1855 785 1896 mare
808 1849 839 1897 et
861 1835 924 1916 ipse
949 1832 1123 1912 inundatur,
1147 1843 1179 1897 tt

69 1926 193 2007 quando
214 1924 356 1988 decrescit
373 1944 455 1986 marc
475 1935 506 1984 et
523 1924 588 2005 ipae
605 1925 763 2002 midelton
785 1939 920 2009 quartum
942 1924 1115 1995 maantam
1134 1935 1179 1991 eat

67 2015 147 2101 lapis
176 2019 228 2099 qui
257 2016 389 2079 ambulat
417 2017 449 2077 in
480 2019 635 2079 nocturnis
668 2021 852 2101 temporibus
880 2007 969 2102 cuper
993 2018 1100 2082 vallem
1124 2017 1179 2081 ci-

67 2113 234 2189 tbeiun²)‚
254 2122 285 2172 ct
304 2111 455 2191 projectus
475 2110 609 2172 estotim
628 2113 660 2171 iu
678 2114 821 2196 voragine
842 2113 993 2189 Cereuus,
1013 2113 1066 2193 qui
1084 2123 1127 2175 est
1145 2111 1180 2171 in

68 2205 172 2268 medio
196 2203 296 2288 pelagi
320 2203 401 2283 quod
425 2213 549 2266 vocatur
573 2203 679 2282 Meae,
709 2217 741 2266 ct
764 2206 797 2266 iu
819 2205 947 2269 tustino
970 2225 1061 2287 cuper
1082 2205 1179 2286 ripam

70 2297 257 2380 supradictae
276 2296 358 2361 vallis
377 2296 514 2359 inventus
533 2299 659 2361 estsine
678 2299 779 2360 dubio.

557 2478 586 2564 ἓ.
606 2486 708 2564 76-8),

151 2593 206 2656 Est
234 2593 278 2654 ibi
305 2603 440 2674 stagnum
470 2593 550 2673 quod
573 2603 697 2654 vocatur
719 2593 879 2669 buthleio,
909 2603 1035 2673 quatuor
1063 2594 1180 2658 circulis

72 2686 211 2750 ambitur.
249 2684 352 2745 Primo
373 2684 621 2767 circulo'gronna
641 2685 738 2746 suuni
757 2681 898 2761 ambitur,
916 2687 1047 2754 secundo
1067 2687 1180 2749 circulo

73 2799 193 2862 gronna
212 2777 326 2860 plumbi
346 2776 487 2854 ambitur,
506 2778 595 2838 tertio
616 2777 728 2838 circulo
749 2796 866 2859 gronna
885 2778 971 2856 ferri,
996 2792 1101 2861 quarto
1121 2781 1180 2841 cir-

74 2874 146 2934 culo
166 2893 282 2955 gronna
303 2871 377 2932 acris
403 2870 551 2945 ambitur,
570 2880 600 2929 et
623 2869 655 2928 iu
680 2889 718 2930 eo
742 2881 848 2953 stagno
871 2871 981 2935 multae
1005 2873 1180 2957 margaritae

75 2967 278 3040 inveniuntur,
297 2983 367 3043 quas
387 2973 505 3042 ponunt
521 2982 606 3043 reges
625 2963 657 3022 in
677 2962 881 3026 auribustuis.

21 3076 26 3084 ·
153 3058 208 3120 Est
232 3057 311 3118 aliud
339 3066 473 3136 stagnum
500 3055 581 3133 quod
609 3055 681 3116 lacit
707 3055 789 3138 ligna
813 3057 967 3120 durescere
994 3049 1026 3118 in
1055 3049 1182 3137 lapident

74 3149 213 3212 homiues
231 3161 329 3210 autem
348 3147 466 3229 lingunt
483 3146 575 3228 tigna,
594 3159 625 3208 ct
643 3160 799 3228 postquam
816 3148 1008 3211 formaverint
1020 3148 1182 3228 projiciunt

74 3244 109 3301 in
136 3253 259 3324 stagno,
285 3251 316 3301 et
333 3249 454 3301 manent
476 3239 508 3300 iu
533 3259 571 3302 co
590 3261 683 3321 usque
703 3240 742 3300 ad
760 3241 953 3319 caparrum,
983 3251 1014 3301 ct
1032 3240 1065 3300 iu
1084 3239 1182 3320 capite

77 3334 149 3396 anni
169 3334 242 3414 lapis
260 3333 423 3411 reperitur,
442 3343 473 3393 et
490 3345 613 3396 vocatur
631 3333 715 3395 Luclr
733 3332 861 3394 Ecbatb.

147 3576 176 3648 1)
194 3575 288 3630 Diescr
303 3575 439 3632 Abrcbuitt
454 3578 499 3632 bat
514 3578 542 3630 iu
557 3579 572 3630 Ι
588 3576 631 3630 die
640 3563 829 3630 liaberscbrilt:
845 3569 888 3630 lle
903 3575 1065 3632 mirabilibus
1074 3566 1182 3642 Moriar

77 3661 186 3715 insulae.
204 3691 238 3702 -
262 3659 287 3716 2.
306 3659 457 3733 tilleium)
474 3660 597 3726 Cibciau,
612 3659 645 3726 Β,
662 3661 692 3716 G.
713 3691 746 3707 -
770 3661 800 3734 3)
817 3663 849 3716 ln
864 3664 879 3715 1
894 3663 940 3718 bat
955 3663 1038 3720 dieser
1047 3663 1182 3719 Abtcbmtt

77 3745 123 3798 die
139 3745 330 3801 Ucbrrscbrilt:
350 3748 393 3800 De
409 3745 570 3801 mirabilibus
585 3745 733 3802 Hiberniae.

556 4025 706 4040 m
