2825 5009
216 391 276 460 aaa
294 365 299 378 '

217 547 424 628 omnipotente
437 549 514 622 Deo,
535 546 676 626 angelicis
689 543 817 608 vultibus
836 547 1036 625 humanisque,
1054 547 1159 626 ruptis,
1177 559 1211 606 at
1231 543 1319 626 puta·

217 644 313 717 batur,
332 638 525 722 capacissimis
544 637 612 712 illis,
632 638 737 717 qulbus
756 639 986 718 praecipitanter
1003 637 1114 702 involvi
1133 639 1231 700 soleat
1249 640 1321 719 pin-

217 751 290 814 gues
308 733 384 793 tauri
398 730 508 792 moduli
522 731 565 790 tui
579 726 705 804 retibus3
727 732 930 812 omnis-regni,
951 733 1024 807 auri,
1041 729 1167 813 argenti,
1181 745 1211 793 et
1221 733 1321 812 (qnod

216 829 261 887 his
280 827 372 904 majus
385 827 455 902 est,)
475 821 615 902 propriae
627 823 786 884 rolttntatis
800 821 1039 885 distinctionibus
1048 825 1153 904 ruptis,
1170 836 1321 905 perpetuo

216 921 335 994 vovisti3
357 931 387 978 et
405 929 483 990 tete,
506 935 538 976 ae
558 915 580 973 si
600 913 727 974 stridulo
745 936 846 977 cavum
867 918 949 996 lapsu
968 917 1182 978 aerem-valide
1202 929 1322 980 sacten-r

217 1025 292 1086 tera,
319 1026 478 1088 saevosque
498 1006 592 1086 rapidi
619 1002 804 1088 harpagones
824 1009 969 1087 accipitris
988 1011 1113 1071 sinuosis
1133 1009 1255 1070 flexibus
1274 1009 1321 1068 vi-

215 1117 338 1180 tantem,
359 1103 395 1162 ad
415 1113 582 1162 sanctorum
601 1099 656 1158 tibi
675 1120 856 1181 magnopere
876 1100 947 1161 fidas
966 1103 1130 1182 speluncas,
1148 1102 1322 1182 refrigeria-

217 1214 276 1276 que
294 1192 450 1256 salubriter
464 1195 492 1270 ¹)
511 1191 632 1272 rapuisti
646 1213 679 1252 ex
693 1211 784 1254 corvo
799 1190 983 1255 columbam?
1010 1194 1038 1253 0
1054 1207 1162 1274 quanta
1177 1195 1322 1256 ecciesiae

216 1290 304 1350 matri
326 1286 451 1359 laetitia,
483 1285 507 1344 si
531 1305 593 1345 non
619 1298 649 1344 te
674 1297 848 1346 cunctorum
874 1287 1044 1346 mortalium
1070 1289 1163 1348 hostis
1186 1289 1222 1348 de
1252 1287 1322 1346 sinu

216 1375 435 1462 mutiamuodo
457 1379 517 1455 ejus
542 1378 708 1460 lugubriter
734 1379 934 1454 abstraxisset,
957 1379 1051 1443 foret!
1091 1381 1119 1440 0
1142 1401 1227 1460 quam
1247 1398 1322 1459 pro-

216 1476 296 1535 fusus
320 1472 382 1552 spei
407 1468 543 1529 coelestis
568 1469 662 1531 fomes
688 1471 911 1554 desperatorum
941 1473 1094 1550 cordibus,
1121 1485 1155 1533 te
1177 1473 1208 1530 in
1232 1472 1322 1531 bonis

217 1573 424 1647 permanente,
453 1561 666 1624 inardesceret!
705 1565 733 1623 0
762 1564 857 1642 qualia
889 1576 1056 1644 quantaque
1085 1568 1211 1625 animam
1239 1577 1322 1623 taam

217 1659 303 1739 regni
329 1653 439 1717 Christi
464 1657 592 1734 praemia
624 1659 655 1716 in
683 1658 731 1718 die
755 1657 865 1716 Judicii
890 1670 1058 1733 manerent,
1087 1660 1111 1718 si
1141 1673 1203 1721 nan
1234 1658 1323 1734 lapus

218 1751 337 1813 callidus
357 1745 407 1808 ille
427 1765 536 1829 agnum
554 1749 596 1808 'un
621 1750 692 1830 lupo
718 1751 829 1810 facturn
852 1760 883 1808 te
909 1750 986 1827 ah²)
1012 1751 1095 1812 utile·
1116 1750 1323 1825 dominieffl),

68 1872 71 1886 =
167 1877 175 1890 ·
217 1859 279 1902 non
299 1833 492 1901 uehementer
511 1842 649 1918 invitum,
674 1842 803 1902 facturus
829 1843 930 1923 lupum
956 1862 990 1902 ex
1014 1860 1092 1924 agno
1114 1841 1170 1904 sibi
1194 1837 1323 1902 similent

216 1935 370 2015 rapuisset!
410 1934 438 1993 0
474 1947 612 2012 quantam
645 1935 868 1996 exsultationem
899 1936 953 2015 pio
985 1938 1115 1996 omnium
1144 1936 1222 2016 patri
1246 1935 1324 1992 Deo
1354 2010 1359 2016 ι

216 2039 383 2087 sanctorum
408 2037 458 2086 tua
483 2027 558 2086 salus
577 2029 718 2090 servanda
744 2038 923 2107 praestaret,
950 2030 973 2088 si
1002 2050 1064 2090 non
1090 2041 1121 2090 te
1146 2040 1324 2091 cunctorum

107 2119 109 2121 ’
216 2119 400 2200 perditorum
424 2117 566 2178 infatuatus
593 2130 691 2198 pater,
721 2119 857 2196 veluti⁴)
886 2139 1058 2201 magnarum
1088 2123 1184 2203 aquila
1208 2121 1323 2182 alarum

216 2212 420 2293 unguiumque
444 2211 586 2287 daemon,
612 2213 647 2271 ad
676 2211 777 2272 infelix
797 2209 924 2270 filiorum
944 2210 1063 2274 suorum
1089 2230 1194 2297 agmen
1214 2218 1324 2275 eontra

215 2306 262 2380 jus
282 2303 383 2382 fasque
403 2302 556 2381 rapuisset!
596 2303 642 2362 Ne
663 2303 768 2378 multa,
786 2315 900 2364 tantuna
921 2307 1019 2387 gaudii
1039 2329 1073 2367 ac
1091 2308 1238 2369 suavitatis
1256 2318 1322 2367 turo

217 2395 305 2454 coelo
324 2405 478 2471 terraeque
498 2407 547 2454 tua
568 2394 603 2454 ad
624 2395 733 2454 honam
754 2396 870 2478 frugem
891 2401 1058 2476 conversio,
1079 2407 1218 2480 qnantum
1239 2417 1323 2460 nune

215 2485 360 2546 moeroris
380 2506 414 2544 ac
434 2484 528 2546 luctus
548 2487 723 2548 ministravit
742 2489 778 2548 ad
795 2490 976 2566 horribilem,
996 2511 1079 2552 more
1093 2493 1214 2553 molossi
1227 2493 1323 2572 aegri,

164 2607 169 2618 ¹
216 2581 357 2642 vomitum
388 2579 515 2638 nefanda
540 2580 678 2640 reversio.
726 2580 793 2653 Qua
823 2595 956 2660 peracta,
987 2583 1160 2644 exhihentur
1189 2585 1322 2644 membra
1373 2626 1378 2636 -

217 2693 295 2730 arma
315 2671 475 2749 iniquitatis
496 2683 618 2752 peccato
634 2694 666 2732 ac
681 2673 811 2747 diabolo,
832 2695 906 2752 quae
926 2687 1110 2754 oportuerat,
1129 2677 1209 2737 salvo
1222 2698 1323 2753 sensu,

218 2764 301 2824 avide
322 2763 451 2822 exhiberi
473 2785 552 2824 arma
571 2765 699 2842 justitiae
721 2766 798 2825 Deo.
837 2769 963 2827 Arrecto
989 2769 1100 2829 aurium
1119 2771 1323 2831 auscultantur

169 2879 171 2884 ¹
218 2864 322 2936 captu,
349 2875 410 2912 non
435 2852 494 2915 Dei
520 2856 636 2932 laudes,
661 2878 770 2919 canora
796 2858 906 2927 Christi
931 2873 1071 2942 tyronum
1098 2881 1171 2926 voce
1193 2862 1323 2923 suaviter

216 2945 404 3022 modulante,
429 2949 767 3026 neque‘ecclesiasticae
791 2952 953 3028 melodiae,
982 2955 1033 3012 sed
1059 2956 1213 3034 propriae,
1242 2977 1322 3034 quae

216 3038 301 3098 nihili
321 3051 404 3113 sunt,
429 3039 636 3102 furciferorum
655 3042 783 3107 refertae
806 3047 980 3121 mendaciis,
1004 3046 1146 3126 simulque
1172 3050 1325 3126 spumanti

215 3133 399 3212 phlegmate,
424 3133 571 3212 proximos
595 3154 728 3214 quosque
754 3135 926 3213 foedaturo,
955 3157 1135 3216 praeconum
1160 3162 1229 3215 ore,
1259 3143 1324 3200 ritu

216 3223 442 3301 bacchantium,
461 3238 677 3305 concrepante,
707 3229 746 3286 ita
774 3242 806 3288 ut
826 3250 890 3305 vas,
908 3231 968 3290 Dei
988 3231 1136 3308 quondam
1156 3234 1324 3294 ministerio

215 3329 437 3394 praeparatum,
466 3331 596 3379 vertatur
622 3320 653 3376 in
679 3321 783 3389 Zabuli
812 3343 971 3403 organum,
1000 3327 1178 3432 qupdque⁵)
1204 3327 1323 3393 honore

214 3408 336 3468 coelesti
362 3408 520 3486 putabatur
548 3411 684 3522 dignum,
708 3415 815 3472 merito
841 3416 1016 3524 projiciatur
1042 3417 1071 3475 iu
1091 3417 1206 3479 Tartari
1233 3417 1322 3478 bara-

222 3939 226 3947 *
285 3977 938 4057 1.Saa‹t2entaaunn.-aaran
974 3989 1326 4046 saturnu-,sat

149 4077 153 4083 ’
215 4063 286 4114 ovile
300 4059 503 4134 damrnrfflcoffi
520 4065 602 4118 Ushrr
606 4067 760 4137 ‚artua
777 4069 891 4124 546-
925 4073 964 4126 d..
961 4073 1139 4142 antttz'.)V;
1163 4075 1218 4137 vel,
1236 4074 1267 4127 Β.
1290 4106 1326 4116 ·-

218 4145 241 4201 5.
260 4144 468 4218 QuodqueW
488 4149 600 4216 qno,B.
1097 4196 1100 4204 ,
1200 4197 1204 4204 .
