2825 5009
329 1076 334 1084 ἱ
438 1106 817 1259 A‘ppendirr.
888 1133 891 1140 '

263 1552 266 1560 ,
315 1457 330 1528 s
355 1479 594 1573 Incipiunt
630 1479 896 1576 capitula¹).
926 1474 929 1478 ’
964 1511 968 1515 ’

68 1630 107 1715 l.
146 1650 194 1711 De
214 1666 262 1712 sex
281 1651 424 1714 aetatibus
443 1653 561 1729 mundi,
581 1666 611 1715 et
631 1667 705 1736 quot
724 1676 819 1718 annos
837 1675 1031 1738 unaquaeque
1049 1669 1142 1720 tenet.
1169 1665 1177 1676 “
1230 1714 1231 1717 ,
1264 1734 1265 1737 ¹

147 1744 189 1805 11.
227 1745 317 1805 Unde
347 1745 423 1806 dieta
438 1746 487 1806 sit
509 1747 678 1824 Britannia,
707 1761 739 1810 et
762 1771 780 1810 a
806 1769 867 1830 quo
894 1750 933 1810 sit
956 1748 1181 1828 denominata,

68 1837 256 1918 qualiterque
276 1837 341 1913 sita,
360 1849 391 1898 et
410 1849 484 1918 quot
502 1838 533 1898 in
546 1838 668 1921 longum
690 1854 721 1902 et
732 1854 928 1908 transversum
945 1842 1070 1904 miliaria
1081 1843 1180 1920 habet,

69 1942 205 2011 quotque
225 1930 355 1992 civitates
376 1930 407 1991 in
427 1951 459 1992 se
479 1931 632 2006 continet3
656 1947 731 2014 quot
749 1955 862 2018 genera
880 1937 1032 1997 hominum
1052 1938 1129 1997 intra
1147 1939 1179 1995 s'e

68 2017 209 2099 sustinet,
229 2035 361 2104 quotque
381 2025 546 2103 adjacentes
567 2024 673 2086 insulas
692 2029 839 2106 possidet,
859 2029 964 2108 quibus
983 2029 1180 2108 praestantio-

67 2115 152 2176 ribus
172 2113 339 2176 lluminilsus
357 2116 544 2196 interluitur,
566 2140 621 2198 per
641 2140 716 2200 quae
741 2120 855 2184 divitias
876 2133 907 2181 et
926 2120 1043 2183 delicias
1063 2133 1180 2183 extero„

67 2227 135 2268 rum
153 2227 314 2290 regnorum
334 2205 517 2271 deferuntur.

147 2300 204 2362 ΠΙ.
237 2301 329 2375 Quod
342 2301 480 2380 Britoncs
500 2304 697 2387 impleverunt
711 2325 774 2365 earu
795 2307 899 2367 amari
918 2325 1010 2385 mque
1029 2306 1066 2366 ad
1086 2295 1182 2387 uiare3

67 2406 101 2455 et
125 2416 142 2455 a
169 2414 229 2474 quo
257 2405 409 2475 tempore,
438 2397 598 2456 secundum
622 2397 754 2458 Annales
778 2399 997 2475 Romanorum,
1025 2399 1182 2460 inhabitari
1262 2471 1272 2489 ‚

66 2487 184 2568 coepit3
208 2485 392 2568 qualiterque
412 2487 613 2550 Romanorum
639 2489 805 2572 sugillatio,
832 2491 912 2568 quod
936 2491 967 2548 in
992 2509 1048 2550 nos
1072 2493 1179 2569 injuste

67 2589 262 2659 extorquent,
291 2579 390 2640 refssli
417 2593 530 2660 potest;
562 2581 598 2641 de
623 2593 691 2643 ortu
714 2585 805 2644 etiam
828 2581 915 2643 Bruti
933 2586 978 2643 'et
1000 2602 1179 2664 proavorum

67 2674 150 2750 ejus,
171 2680 202 2732 et
221 2671 292 2750 quid
311 2693 411 2754 magus
432 2673 468 2737 dc
490 2693 528 2734 eo
547 2674 673 2737 necdum
693 2687 765 2737 nato
786 2672 971 2757 praedixerit

146 2763 201 2828 IV.
239 2763 288 2824 De
307 2783 402 2846 reguo
422 2767 559 2843 Aeneae,
577 2766 712 2845 Ascanii,
737 2767 838 2843 silvii,
856 2767 943 2827 Bruti
962 2779 993 2828 et
1010 2767 1181 2847 Posthumi3

68 2870 100 2919 et
121 2857 201 2938 quod
220 2857 314 2917 Bruto
335 2857 518 2922 Britanniam
537 2855 652 2920 venerit
670 2870 806 2941 tempore
826 2860 986 2925 sacerdotis
1005 2858 1084 2941 ΗεΙί,
1183 2880 1185 2889 ’

116 2971 120 2979 ·
145 2953 185 3018 V.
224 2949 272 3011 De
291 2950 420 3012 adventu
438 2951 598 3011 Pictorum*
616 2949 646 3010 in
666 2941 876 3028 Britanniam,
890 2964 922 3012 et
946 2953 1099 3032 quomodo
1120 2950 1181 3011 Or·

68 3044 156 3105 cades
175 3043 288 3105 Insulas
309 3043 519 3125 occupaverint
538 3053 568 3102 et
588 3043 728 3103 hactenus
747 3044 941 3105 obtinuerint
1067 3031 1070 3038 ¹

102 3191 107 3196 ,
145 3137 200 3200 VI.
240 3136 332 3211 Quod
359 3137 457 3198 Scotti
489 3136 527 3196 de
551 3135 692 3215 Hispania
719 3137 871 3212 venerint,
901 3147 931 3196 ct
956 3156 1016 3214 quo
1042 3147 1180 3213 tempore

68 3229 246 3290 Hiberniam
268 3228 435 3290 inhabitare
464 3227 635 3308 coeperintt
665 3237 696 3287 et
721 3227 847 3306 qualiter
870 3226 1113 3290 Bartholomeum
1142 3227 1180 3287 de

69 3323 214 3384 Hibernia
235 3321 402 3404 pestilentia
423 3341 489 3382 cum
508 3320 566 3381 suis
587 3319 719 3395 eraserit,
738 3329 770 3379 et
789 3321 826 3383 de
847 3322 976 3401 quodam
994 3319 1110 3396 Nimec,
1129 3318 1180 3398 qui
1264 3367 1266 3373 .

67 3425 175 3494 postea
194 3414 364 3490 illovenit,
384 3413 476 3488 sedet,
495 3409 598 3492 postea
619 3411 763 3474 cumanis
781 3412 878 3473 rediit

147 3507 220 3573 vll.
256 3507 304 3567 De
323 3505 417 3567 tribus
436 3505 503 3565 filiis
523 3506 672 3584 cujusdam
690 3500 791 3563 militis
812 3505 981 3583 Hispaniae,
1001 3503 1051 3581 qui
1070 3503 1180 3563 Hiber-

69 3599 149 3659 niam
170 3599 392 3680 applicueruns3
411 3597 562 3677 quomodo
583 3595 734 3658 castellum
753 3584 877 3659 vitreum
896 3594 1021 3655 inmari
1033 3593 1182 3674 viderunt,

71 3701 103 3752 et
122 3689 196 3752 illud
216 3701 422 3772 oppugnantes
447 3691 610 3769 perierunt
650 3690 712 3751 Sed
737 3701 836 3750 tamen
860 3688 971 3749 residui
991 3707 1095 3748 eorum
1114 3709 1181 3748 cum

68 3783 346 3865 supervenientibus
366 3782 505 3861 Hispanis
524 3782 662 3862 paulatim
681 3795 775 3844 totam
793 3780 966 3841 llilrerniam
986 3781 1179 3860 possiderunt

146 3871 234 3936 VIII.
275 3874 367 3950 Quod
395 3873 477 3934 nulla
508 3886 587 3937 certa
612 3875 733 3938 historia
759 3873 883 3958 originis
909 3873 1082 3934 Scottorum
1106 3893 1180 3933 cou-

70 3968 194 4036 tiuetur.
294 4035 303 4042 ,
499 3991 501 3996 ·
692 3983 695 3988 “
1145 3975 1152 3990 “

71 4104 274 4115 —u-——-

140 4178 170 4248 1)
189 4178 216 4232 S.
241 4177 282 4231 die
298 4177 489 4246 Berchrelbuug
511 4179 556 4232 der
579 4179 678 4231 Meet
701 4178 729 4230 in
751 4178 798 4229 der
815 4177 931 4232 Verrede
956 4175 1040 4228 dieser
1065 4177 1180 4255 ,turpans

75 4259 100 4333 5.
114 4259 162 4329 2⁰,
180 4261 207 4317 S·
217 4259 261 4356 2l.
277 4281 321 4320 wo
340 4262 423 4318 dieser
439 4261 550 4334 capitula
567 4259 674 4331 pcdaclrt
689 4259 729 4315 ist.
