2825 5009
1132 372 1193 442 133
1243 437 1255 452 ,

80 543 199 612 petunt,
219 543 249 592 et
268 530 326 592 hoc
346 550 456 612 genere
470 531 661 612 impugnandi
683 529 819 590 materias
833 529 1031 610 quaesierunt,
1051 539 1082 589 et
1094 541 1193 590 saneta

84 626 145 686 Dei
166 626 362 707 diripuerunt..

163 741 253 812 Capit.
274 729 381 794 XVIII.
424 731 560 806 Qualiter
583 733 752 794 Ambrosius
773 734 946 793 Aurelianus
971 732 1049 792 solus
1076 731 1117 790 eis
1143 713 1192 790 re-

84 827 208 904 stiterit,
229 838 259 886 et
278 825 341 905 quis
363 823 470 884 Gildae
490 824 638 904 Sapientis
659 825 817 888 nativitatis
838 848 930 886 annus
949 827 995 885 sit.

167 941 257 1012 Capit.
277 939 355 996 XIX.
397 933 558 1007 Quomodo
579 955 652 1016 gens
672 935 844 995 Britannica
863 947 967 1015 postea
986 944 1049 998 tota
1069 932 1196 992 idolola-

88 1027 165 1088 triae
186 1027 334 1087 erroribus
355 1027 392 1088 sit
411 1027 537 1088 subdita.

168 1142 260 1214 Capit.
284 1141 347 1198 XX.
397 1135 612 1216 Recapitulatio
643 1136 843 1218 singulorum,
875 1157 950 1215 quae
979 1136 1112 1216 superius
1146 1139 1197 1196 de·
1288 1150 1301 1162 ⁸

87 1230 199 1311 scripta
218 1243 297 1306 sunt,
316 1231 569 1316 epigrammatum
590 1229 697 1308 inqua
717 1228 963 1313 recapitulatione
978 1241 1081 1289 auctor
1101 1230 1199 1307 operis

88 1325 239 1406 promittit
258 1345 288 1384 se
307 1323 448 1402 majorem
470 1322 576 1382 librum
598 1323 634 1381 de
655 1322 772 1404 regibus
792 1321 947 1381 Britonum
974 1333 1004 1381 et
1023 1323 1060 1382 de
1081 1322 1200 1400 proeliis

87 1439 195 1478 eorum
216 1417 439 1480 describendum
454 1418 496 1496 ¹),
517 1435 603 1495 quern
624 1427 655 1476 et
673 1427 776 1495 postea
798 1414 878 1477 iacit.

157 1697 182 1753 1·
199 1694 440 1766 Desrn'lendum.)
467 1696 528 1748 Man
550 1695 616 1747 laun
633 1715 665 1746 an
686 1693 783 1745 diesem
800 1693 944 1763 Beispiele,
966 1693 1018 1745 wie
1041 1715 1072 1746 au
1094 1695 1196 1747 leinem

83 1783 214 1845 anderen,
236 1782 377 1846 erlenuen,
398 1783 454 1834 dass
472 1781 541 1832 dieue
560 1779 678 1849 Capitula
695 1781 741 1830 auf
755 1779 895 1839 Umatintle
917 1778 1061 1847 anepielen‚
1085 1779 1127 1830 (lie
1145 1779 1198 1830 oieb

84 1866 161 1919 nicht
177 1867 204 1920 iu
222 1868 280 1920 dem
298 1870 377 1921 Texte
395 1868 494 1932 finden,
510 1866 627 1922 welcheu
644 1864 693 1918 wir
708 1865 778 1916 noch
795 1863 856 1933 jetur
872 1863 962 1915 haben.
