2825 5009
173 308 234 376 132

174 487 307 545 passuum
329 465 452 543 plurima
472 475 552 524 trans
572 463 694 524 insulam
714 465 903 539 instruerent,
923 485 939 523 a
959 465 1032 522 mari
1047 462 1167 528 Scotiae
1188 481 1289 542 usque

175 559 211 616 ad
231 577 310 616 mare
331 555 506 632 Hiberniae,
533 557 562 616 id
584 567 627 616 est
652 577 668 616 a
689 555 759 615 Cair
779 558 874 617 Eden
889 557 1048 633 civitate')
1072 554 1293 634 antiquissima,

175 653 299 710 duorum
328 649 419 709 ferme
450 649 572 709 millium
598 649 691 728 spatio
718 669 734 708 a
759 649 939 708 monasterio
965 648 1168 728 Abercnrnig,
1198 647 1291 727 qnod

174 763 253 801 nunc
274 753 394 810 vocatur
414 741 580 816 Abercorn,
601 742 636 801 ad
658 742 842 802 occidentem
861 743 997 817 tendens,
1016 751 1120 800 contra
1140 740 1291 800 occiden-

174 847 233 894 tem
254 836 334 912 juxta
353 834 454 894 urbem
469 834 597 894 Alclutlr.
637 835 677 892 m
697 834 823 893 insulani
843 856 956 894 murum
977 855 1038 894 non
1058 843 1117 891 tam
1137 830 1294 910 lapidibus

176 951 262 1007 quam
283 926 441 1006 cespitibus
463 937 682 1000 construentes,
707 928 744 986 ad
770 927 891 987 nihilum
913 927 1013 986 utilem
1035 935 1177 1000 statuunt3
1202 923 1294 1002 qnia,

174 1022 268 1080 statim
289 1021 429 1080 Romanis
450 1018 691 1098 repatriantibus,
711 1019 818 1079 iterum
838 1020 874 1096 ab
895 1020 964 1098 ipsis
985 1018 1148 1098 impugnati
1167 1026 1245 1075 sunt

252 1127 342 1199 Capit.
369 1125 404 1180 X.
458 1121 554 1194 Quam
584 1120 689 1179 misere
720 1121 810 1200 legati
838 1120 993 1180 Britonnrn
1024 1120 1146 1178 Romam
1176 1116 1293 1175 iterum

173 1214 340 1286 mittuntur,
362 1213 454 1274 scissis
474 1213 617 1286 vestibus,
638 1211 722 1271 nudis
743 1203 883 1290 pedibus,
904 1211 1015 1289 opertis
1034 1211 1157 1270 sablone
1177 1209 1293 1289 eapiti-

173 1307 243 1380 bus,
263 1306 385 1366 lubricis
406 1305 568 1385 gressibus,
588 1302 1029 1385 lacrimosispostulationibus,
1055 1303 1182 1382 querulis
1200 1302 1294 1363 voci-

176 1399 242 1472 bus,
262 1399 372 1458 cunctis
393 1397 815 1472 membriscontrementibns,
835 1395 1005 1456 altomanis
1026 1394 1130 1454 auxilia
1149 1404 1294 1474 petentes

179 1503 208 1550 et
228 1492 428 1570 impetrantes.
1042 1561 1046 1566 ,

257 1587 348 1658 Cupit.
368 1585 419 1642 XI.
454 1581 617 1655 Quomodo
637 1581 775 1641 Britones
794 1602 908 1641 rursum
926 1583 1129 1642 Romanorum
1149 1578 1296 1640 solatium

178 1674 367 1752 repetierint,
400 1685 430 1733 et
460 1673 584 1752 qualiter
609 1673 736 1733 Romani
766 1693 830 1733 sese
861 1673 1074 1748 excusaverint3
1107 1673 1158 1731 sed
1186 1683 1297 1730 tamen

177 1766 295 1826 laudare
322 1779 352 1826 et
377 1785 500 1826 monere
527 1777 706 1845 coeperunt,
731 1779 764 1826 ut
783 1767 897 1825 murum
913 1756 933 1826 'a
953 1765 1026 1826 mari
1050 1765 1088 1824 ad
1107 1785 1186 1824 mare
1203 1764 1300 1825 face-

177 1872 258 1936 rent3
290 1859 370 1938 quod
396 1871 426 1918 et
445 1859 581 1918 fecerunt
607 1860 715 1919 amari
735 1860 914 1940 Norwagiae
939 1879 1030 1938 nsque
1055 1859 1091 1917 ad
1110 1879 1190 1918 mare
1211 1858 1299 1917 Gal-

179 1953 309 2025 wadiae,
329 1973 383 2030 per
404 1961 473 2010 octo
494 1953 584 2028 pedes
605 1951 694 2010 latum
716 1963 746 2011 et
766 1951 924 2010 duodecim
940 1952 1045 2026 altum,
1071 1963 1101 2010 et
1119 1963 1212 2010 turres
1233 1969 1302 2028 per

179 2043 331 2103 interualla
353 2054 593 2116 construxerunt,
613 2063 649 2103 eo
670 2045 700 2102 in
721 2045 790 2102 loco
811 2042 861 2101 ubi
872 2043 998 2103 Severus
1012 2045 1178 2122 imperator
1195 2043 1300 2100 maxi-

178 2137 254 2194 mam
283 2137 388 2196 fossam
423 2134 675 2214 firmissimumque
708 2136 832 2210 vallum,
864 2137 974 2195 crebris
1007 2136 1128 2214 insuper
1157 2135 1299 2196 turribus

179 2229 408 2300 communitum,
433 2239 622 2305 perceptum
649 2229 770 2310 triginta
796 2240 827 2288 et
851 2229 910 2288 dno
929 2227 1020 2285 millia
1040 2248 1174 2306 passuum
1194 2230 1299 2308 longe

178 2330 245 2378 ante
268 2319 392 2391 fecerat,
420 2319 449 2376 id
475 2331 536 2393 est,
559 2341 574 2379 a
595 2319 678 2394 villa,
708 2340 783 2398 quae
803 2320 930 2400 Anglice
945 2308 1145 2380 ⁸Wallesende
1170 2321 1302 2396 dicitnr,

178 2407 283 2470 Ln'tine
304 2431 374 2470 vero
397 2409 494 2490 Caput
507 2411 585 2470 Muri
605 2412 826 2491 iuterpretatur,
845 2433 920 2490 quoe
941 2425 985 2473 est
1004 2414 1081 2491 juxta
1094 2414 1303 2486 Tinemutbe3

132 2540 135 2544 ·
179 2505 228 2584 qui
250 2527 347 2564 murus
368 2506 490 2564 multum
512 2505 634 2564 distata
654 2504 789 2583 praefato
810 2504 889 2564 vallo
909 2506 986 2583 apud
1007 2505 1173 2582 meridiem,
1198 2527 1300 2585 quem

180 2611 264 2657 antea
286 2601 363 2677 apud
386 2595 457 2656 Cnir
477 2599 561 2656 Eden
583 2616 771 2685 supra—mare
791 2596 911 2656 Scotiae
933 2600 1159 2663 constituerunt.

164 2698 169 2710 ⁸
259 2703 349 2773 Cupit.
370 2702 436 2756 XII.
477 2696 613 2770 Qualiter
633 2717 705 2777 gens
731 2697 833 2756 scabra
853 2697 1030 2771 Scotorum,
1061 2711 1212 2778 comperta
1240 2721 1302 2761 ex-

109 2820 118 2830 ·
179 2789 330 2848 cusatione
351 2790 568 2863 Romanorum,
595 2788 625 2845 in
645 2787 782 2848 Britones
807 2790 1033 2868 insurrexerint,
1062 2803 1092 2850 et
1117 2811 1167 2852 eos
1186 2814 1303 2872 perse-

184 2881 302 2960 quendo
323 2880 501 2941 lacesserint.

261 2976 351 3048 Capit.
371 2976 451 3032 XIII.
493 2971 585 3046 Quod
605 2973 743 3034 Britones
762 2975 856 3036 adbuc
875 2995 959 3034 more
979 2976 1067 3036 solito
1088 2977 1123 3036 ad
1137 2979 1303 3042 Romanos

181 3065 329 3146 mittentes
363 3065 435 3123 nibil
461 3065 661 3146 profecerint,
691 3071 742 3127 sed
768 3089 881 3128 rursum
911 3069 969 3128 suis
999 3069 1106 3131 viribus
1130 3072 1305 3134 innitentes

182 3157 281 3216 Pictos
303 3157 497 3236 propulerint.
853 3236 855 3239 Υ

261 3255 351 3325 Cupit.
371 3254 450 3310 XIV.
491 3250 653 3324 Quomodo
676 3252 771 3312 omnis
795 3255 904 3332 justitia
930 3256 1138 3316 aBritonibns
1157 3258 1307 3336 perierit,

101 3375 107 3388 ·
183 3353 212 3400 et
238 3342 332 3400 onmis
357 3341 487 3419 nequitia
513 3363 568 3426 pro
596 3347 734 3421 veritate,
761 3346 848 3406 etiarn
873 3347 953 3407 inter
977 3349 1150 3430 religiosos,
1172 3371 1305 3411 sucere-

180 3435 308 3510 verit²)'.

259 3538 350 3610 Capit.
371 3539 435 3594 XV.
477 3536 567 3610 Quod
588 3536 725 3598 Britones
746 3558 800 3617 pro
821 3539 985 3600 Senonibus
1006 3542 1156 3619 miserunt,
1177 3554 1207 3602 et
1229 3565 1307 3624 θος,

183 3627 250 3686 Deo
272 3627 438 3702 judicante,
458 3648 513 3707 pro
534 3630 645 3706 peccati
665 3628 785 3708 flagello
806 3644 1006 3712 susceperunt.

169 3749 171 3754 ’
262 3732 351 3802 Cupit.
372 3732 450 3788 XVI.
491 3729 628 3803 Qualiter
647 3750 720 3810 gens
740 3731 883 3792 Saronico
903 3756 969 3793 cum
994 3736 1086 3793 tribus
1111 3736 1203 3816 kynlis
1224 3739 1310 3800 Bri-

182 3819 312 3878 tanniam
333 3819 494 3899 appulerit,
515 3833 544 3881 et
564 3835 667 3902 postea
687 3823 825 3884 Britones
845 3825 1070 3906 impugnaverit.

261 3924 351 3995 Cupit.
372 3925 464 3981 XVII.
506 3921 674 4017 Quomodo¹
691 3924 821 3985 Saxones
846 3938 955 3986 sumtus
980 3929 1105 4005 majores
1131 3928 1222 3988 solito
1249 3953 1310 3992 ex.

182 4077 382 4091 Μ.

255 4171 278 4223 t.
298 4171 439 4244 civitate.)
459 4175 567 4241 Civitas,
585 4181 614 4230 Α.
633 4205 665 4216 --
700 4179 725 4234 2.
743 4179 936 4251 Succreoent.)
953 4181 1124 4246 succrescent,
1142 4183 1172 4237 ll.
