2825 5009
1173 349 1237 420 aas
1300 294 1312 302 ’

59 554 61 560 ,
124 496 238 576 ingesta
254 496 281 573 ¹)
301 494 418 572 inisset,
445 497 546 556 eadem
567 518 711 578 responsa·
728 500 910 579 accepissent
929 522 1004 582 quae
1025 504 1061 566 ab
1079 505 1231 585 ’Apostolo
1326 546 1329 548 ψ

125 597 229 647 auctor
262 589 432 649 eorumdem
461 591 566 650 Simon
598 592 700 671 Magus
731 592 902 672 accepit¹),
935 595 1051 655 dicente
1082 597 1174 665 Petro
1185 601 1231 674 3);
1334 648 1339 660 .

77 717 81 720 -
125 678 295 756 Pecunia¹)
316 692 364 739 tua
390 693 487 742 tecum
507 682 544 740 sit
568 683 599 742 in
619 682 827 762 perditionem.
868 684 928 743 Sed
955 685 1032 747 sorte
1061 689 1134 764 beu,
1161 689 1231 767 quia

125 771 282 832 ambitores
306 772 377 833 istos
408 774 561 848 ordinant,
587 808 626 822 -
652 774 712 834 imo
738 777 835 855 potius
861 777 1030 855 humiliant,
1060 792 1148 859 atque
1173 802 1229 859 pro

123 865 334 927 benedictione
359 865 551 942 maledicunt,
577 868 644 926 dum
669 887 704 927 ex
723 868 928 948 peecatoribus
949 891 1011 932 uon
1031 873 1230 951 poenitentes,

124 957 206 1036 qnod
226 957 514 1043 rectius‘iuerati),
535 961 588 1021 sed
614 960 773 1041 sacrilegos
799 971 829 1018 et
855 961 1022 1040 desperatos
1043 964 1172 1040 iaciunt,
1199 978 1230 1029 et

121 1049 228 1108 dudam
256 1049 474 1130 quodammodo
500 1051 531 1108 in
556 1050 638 1122 Petri¹
664 1051 801 1110 cathedra
828 1053 960 1113 Domini.
977 1055 1168 1132 traditorem,
1194 1077 1229 1117 ac

121 1143 320 1221 Nicolaum'i)
341 1143 371 1201 iu
391 1142 460 1202 loco
475 1143 620 1222 Stephani
640 1155 715 1203 mart
736 1145 774 1205 ris
787 1151 959 1222 statuunti)
978 1148 1144 1208 immundae
1159 1149 1230 1208 bae·

103 1167 1000 1312 ffimnsmbfflr-Wffdiin'iffifflffacerdmto
1022 1239 1124 1299 adsciti
1143 1233 1228 1316 sunt3

16 1401 18 1418 Ι
122 1339 153 1387 et
176 1327 331 1387 ideonon
357 1344 539 1408 magnopere
564 1329 789 1416 detestanturi)
813 1330 845 1388 in
871 1328 953 1406 hiiis,
981 1331 1115 1408 quinimo
1137 1351 1226 1392 reue·
1310 1370 1317 1376 -

16 1421 18 1438 ¹
120 1431 233 1493 rantur,
253 1419 332 1498 quod
352 1419 486 1479 simiiiter
506 1421 600 1496 ut¹⁰)
620 1420 752 1500 patribus
772 1420 896 1481 subinde
911 1421 1023 1481 venisse
1035 1425 1040 1454 ¹
1052 1424 1078 1499 ¹)
1100 1425 1227 1484 certissi-

23 1547 24 1550 =
119 1531 206 1587 mum¹
220 1523 271 1570 e'st.
310 1511 429 1570 Etenim
452 1531 513 1587 eos,
532 1513 556 1574 si
568 1515 617 1590 ¹²)
638 1513 669 1572 io
690 1512 932 1593 parochiam¹³),
953 1513 1155 1574 resistentibus
1168 1517 1225 1575 sibi

120 1615 228 1663 ettam
249 1604 409 1684 pretiosum
432 1617 582 1684 quaestum
603 1604 817 1686 denegantibus
842 1623 944 1664 severe
970 1607 1233 1682 commessoribus,

119 1695 284 1774 hujusmodi
304 1698 489 1779 margaritam
509 1697 643 1758 invenire
663 1696 724 1756 n'on
737 1699 788 1774 ¹⁴)
816 1696 945 1775 possint,
971 1697 1134 1777 praemissis
1153 1711 1223 1758 ante
1267 1716 1275 1727 “

16 1793 18 1824 ¹
120 1788 247 1848 subicite
268 1788 398 1864 nunciis,
423 1790 642 1872 transnavigare
667 1789 773 1864 mana,
793 1800 945 1869 terrasque
966 1790 1108 1868 spatiosas
1126 1798 1223 1850 trans-

117 1901 215 1940 meare
236 1900 298 1939 non
317 1883 378 1940 tani
396 1881 480 1964 piget
500 1904 586 1963 quam
606 1883 743 1965 delectat,
762 1891 795 1940 ut
815 1879 937 1940 omuino
957 1881 1022 1942 talis
1042 1883 1154 1962 species
1175 1884 1223 1942 in-

114 1973 402 2055 aequiparabilisque
422 1975 691 2054 pulchritudo,et,
711 1987 745 2034 ut
764 1982 866 2034 verum
886 1973 995 2050 dicam,
1016 1975 1161 2036 diabolica
1173 1979 1180 2013 ¹
1192 1978 1224 2053 ¹)

118 2067 228 2142 illusio,
243 2067 290 2127 vei
301 2065 427 2126 venditis
442 2067 575 2126 omnibus
594 2068 696 2148 copiis,
712 2076 907 2146 comparetur.
939 2067 1018 2126 Dein
1033 2089 1099 2128 cum
1112 2088 1222 2148 magno

16 2179 17 2238 ᾗ
118 2169 260 2239 apparatu
280 2178 445 2238 magnaque
465 2159 632 2238 phantasia,
651 2159 699 2220 vei
720 2149 826 2240 potius
838 2157 965 2233 insania,
989 2161 1165 2240 repedantes
1178 2161 1222 2222 ad

16 2249 18 2272 ¹
116 2252 252 2332 patriam,
273 2271 306 2310 ex
327 2263 426 2310 erecto
448 2253 623 2313 erectiorem
643 2253 788 2314 incessum
809 2251 946 2333 pingunt,
966 2262 996 2310 et
1016 2253 1124 2312 dudum
1142 2273 1222 2312 snm-

117 2344 231 2404 mitatcs
260 2345 404 2405 montium
430 2345 651 2425 conspicantes,
680 2338 759 2404 nuuc
791 2354 873 2404 recte
898 2344 934 2403 ad
963 2344 1082 2404 aethera
1105 2338 1221 2405 vel'ad

116 2455 226 2496 summa
240 2436 362 2496 nubium
375 2437 495 2510 vellera,
511 2436 652 2495 luminum
665 2435 930 2500 semidormitantes
944 2435 1020 2494 acies
1039 2435 1149 2508 librant
1159 2440 1167 2475 ¹
1178 2439 1221 2514 ⁰),
1314 2502 1317 2506 Α

16 2515 17 2538 ³
116 2550 149 2590 ac
169 2549 232 2589 sese
253 2549 329 2592 nova
350 2531 492 2608 quaedam
512 2529 662 2608 plasmata,
681 2529 752 2615 imo'
763 2528 907 2588 diabolica
927 2547 1049 2608 organa,
1062 2526 1102 2586 'ut
1121 2549 1218 2607 quon-

117 2623 181 2681 dam
201 2622 333 2684 Novatus
345 2624 396 2701 ¹⁷)
415 2623 544 2696 Romae,
563 2621 739 2692 Dominicae
765 2621 1017 2698 conculcator¹¹)
1042 2619 1218 2702 margaritae

16 2747 17 2788 γ
115 2734 223 2792 porcus
248 2715 349 2796 niger,
381 2714 556 2795 patriae¹⁹)
587 2714 741 2792 ingerunt,
772 2713 920 2774 violenter
944 2734 1046 2772 manus
1070 2732 1132 2771 nou
1158 2723 1218 2770 tam
1311 2780 1315 2784 ι

115 2807 330 2870 venerabilibus
351 2808 418 2885 aris,
439 2829 524 2888 quam
538 2806 724 2884 flammis²⁰)
744 2806 855 2865 inierni
873 2805 1034 2880 ultricibus,
1054 2805 1167 2884 dignas,
1186 2804 1218 2862 in

113 2901 166 2962 tali
186 2900 366 2981 schanan)
385 2901 474 2982 positi
494 2899 686 2963 sacrosanctis
707 2897 818 2958 Christi
833 2900 984 2973 sacrificiis
1005 2898 1159 2959 extensuri.

16 3249 17 3252 Ἴ
182 3187 205 3242 1.
223 3185 366 3256 Ingena.)
392 3187 504 3258 ingesta,
530 3186 561 3238 B.
590 3217 621 3227 -
655 3185 679 3240 2.
698 3185 838 3256 Accepit.)
865 3186 943 3238 Fehls
969 3185 994 3237 in
1021 3189 1071 3238 den
1094 3187 1157 3240 Mn.
1184 3219 1217 3228 -

112 3274 138 3332 3.
157 3271 263 3342 Petro.)
287 3271 365 3322 Fehtt
384 3270 410 3320 in
428 3271 459 3324 V.
478 3296 508 3306 —
545 3269 956 3339 tPecnnta.)acnvl11,20.
976 3304 1005 3311 -
1041 3273 1066 3324 5.
1084 3271 1215 3342 Fuerat.)

35 3397 37 3404 .
73 3387 75 3394 .
112 3357 222 3419 Fuisset,
233 3358 264 3407 V.
283 3383 314 3395 -
338 3354 362 3407 6.
380 3353 547 3424 Nicolaum.)
564 3354 655 3408 Stister
673 3356 720 3405 der
736 3355 812 3407 Secte
831 3357 877 3406 der
892 3355 1045 3408 Nicolaitcn.
1064 3387 1095 3397 -
1119 3354 1143 3409 7.
1152 3355 1217 3410 Sta

16 3481 17 3508 .
114 3443 220 3512 tuunt.)
238 3440 355 3502 Faciunt,
372 3439 404 3490 B.
421 3459 454 3478 ·-
472 3437 496 3492 8.
514 3436 753 3508 Adinoentorem.)
772 3439 933 3509 adjutorem,
950 3439 982 3492 V.
1000 3471 1032 3480 -
1056 3441 1081 3493 9.
1099 3439 1138 3492 Et
1155 3430 1220 3493 t'deo'

16 3549 17 3586 3
114 3557 145 3568 -
164 3522 364 3593 detestantur.)
381 3522 460 3574 Fehlt
476 3523 502 3574 in
519 3523 550 3575 B.
569 3555 600 3564 --
636 3523 676 3576 10.
699 3523 757 3593 Ut.)
775 3523 852 3576 Fehtt
869 3523 896 3573 in
913 3523 945 3580 V.
968 3553 999 3564 -
1035 3523 1076 3577 11.
1093 3522 1216 3578 Subinde

16 3601 17 3608 ¹
113 3610 239 3676 ventitat.)
256 3608 313 3661 Sibi
331 3608 456 3670 evenisse,
473 3609 505 3666 V.
525 3637 557 3648 -
594 3607 633 3662 12.
650 3605 702 3676 Si.)
720 3607 797 3657 liubit
814 3606 840 3657 in
857 3606 887 3657 B.
911 3637 944 3647 -
978 3605 1019 3661 13.
1036 3607 1218 3674 Parecbium,

16 3705 17 3738 t
112 3690 325 3763 resistentibus.)
349 3691 633 3755 Perochi2,·nounuilis
652 3691 839 3755 resistentibus,
857 3691 889 3744 V.
906 3721 940 3732 -
976 3689 1015 3744 11.
1034 3690 1117 3761 Non.)
1139 3693 1217 3744 Febit

16 3771 17 3788 ¹
111 3780 139 3831 in
155 3779 186 3830 B.
205 3809 236 3819 --
259 3777 299 3833 15.
318 3775 488 3847 Diabolt‘cu.)
507 3776 642 3840 zabolica,
659 3778 691 3828 V.
712 3776 744 3831 B.
764 3806 795 3816 -
822 3775 863 3829 16.
881 3773 1027 3844 Librartt.)
1045 3775 1081 3849 Y3
1099 3775 1215 3841 liberant,

16 3889 17 3902 ¹
111 3867 145 3918 B.
163 3895 194 3908 ·-
230 3863 269 3919 17.
288 3860 431 3930 Novam.)
449 3863 564 3914 Novatus
583 3882 633 3913 rou
650 3860 792 3926 Karthago,
809 3859 912 3926 Gegucr
929 3859 1065 3932 Cypriane,
1087 3861 1216 3933 uachmais

16 3959 18 3968 ’
113 3969 145 4000 nu
163 3950 248 4011 Rom,
269 3966 324 4000 war
342 3947 388 3998 dor
404 3946 521 3998 Urheber
539 3946 608 3998 eines
629 3947 817 4014 ausgedebnten
834 3944 949 3999 Schisma
971 3944 1007 3996 im
1029 3943 1124 3997 dritten
1141 3946 1215 3997 Jahr-

112 4034 231 4086 onaan.
266 4033 292 4084 s.
307 4031 534 4083 nannieno.
547 4029 778 4095 nanneten,
797 4032 837 4094 12,
855 4030 1000 4086 catenen.
1019 4061 1050 4071 -
1086 4029 1127 4084 18.
1146 4029 1215 4083 con.
1327 4080 1329 4085 ,
1395 4017 1400 4034 “

113 4115 259 4186 calcator.)
276 4117 315 4182 .V;
332 4116 476 4176 mulctator,
493 4115 524 4169 B.
545 4107 575 4156 ’-
606 4114 648 4170 19.
666 4116 806 4186 Putnhc.)
822 4116 932 4180 Parius,
949 4115 979 4168 B.
998 4147 1030 4157 -
1060 4115 1102 4170 20.
1119 4115 1214 4170 Flum-

113 4199 363 4272 ms'r)1ttuviis,lt.
387 4232 419 4244 -
452 4198 494 4254 21.
512 4197 650 4269 Schema.)
668 4201 765 4267 Scena,
781 4199 811 4252 B.
