2825 5009
478 1166 807 1304 'Prologus

606 1412 690 1422 ...-....

611 1558 640 1641 5.
661 1566 688 1624 1.

92 1668 232 1751 Humilis
248 1694 277 1769 ¹)
313 1709 463 1751 servorum
503 1685 613 1746 Christi
648 1687 782 1746 minister
819 1697 849 1744 et
883 1705 982 1746 servus
1020 1685 1205 1767 Neruius,
1258 1739 1261 1742 .

91 1785 154 1865 Dei
175 1783 267 1864 gratia
286 1781 377 1842 sancti
395 1780 543 1857 ulboti2)
564 1780 737 1859 discipulus,
763 1778 875 1839 cunctis
894 1776 1024 1838 veritatis
1044 1777 1204 1839 obaudito-

92 1874 185 1953 ribus,
202 1874 332 1935 salutem.
1280 1934 1284 1940 ³

170 1966 294 2027 Vestrae
314 1967 353 2031 sit
371 1966 477 2028 notum
497 1963 629 2039 caritati,
650 1963 732 2043 quod
750 1984 822 2029 eum,
836 1962 918 2023 rudis
938 1981 1017 2024 eram
1030 1962 1154 2045 ingenio
1174 1976 1206 2027 et
1258 1991 1261 1995 ⁴

92 2058 187 2121 idiota
206 2052 359 2135 sermone,
376 2058 450 2118 baec
462 2076 519 2141 pro
540 2054 662 2115 modulo
677 2076 757 2133 meo,
774 2077 837 2118 non
850 2054 990 2137 propriae
1002 2055 1100 2115 nitens
1110 2054 1208 2120 scien-

93 2152 169 2227 tiae,
188 2170 264 2235 quae
284 2151 332 2215 vel
353 2151 432 2212 nulla
451 2150 499 2213 vel
524 2149 682 2211 admodum
706 2169 773 2210 rara
791 2162 822 2212 et
846 2148 927 2210 exilis
952 2159 1010 2223 est,
1032 2148 1208 2212 Latinorum

94 2242 212 2311 auribus
237 2242 468 2305 idiomatizando
493 2241 610 2303 tradere
640 2242 817 2329 praesumsi;
848 2242 901 2305 sed
928 2240 1037 2322 partim
1062 2242 1208 2322 majorum
1309 2278 1316 2284 ·

92 2336 317 2417 traditionibus,
344 2336 450 2417 partim
470 2335 601 2417 scriptis,
624 2336 732 2417 partim
751 2334 838 2396 etiam
856 2334 1055 2396 monumentis
1073 2345 1208 2400 veterum

93 2427 277 2491 Brittanniae
298 2426 478 2507 incolarum,
503 2428 661 2514 pertimet
681 2428 718 2489 de
745 2428 898 2491 annalibus
917 2428 1136 2504 Romanorum,
1160 2428 1209 2487 ln-

94 2543 184 2605 super
204 2533 234 2582 et
254 2522 291 2583 de
311 2522 467 2583 chronicis
478 2534 646 2586 sanctorum
665 2520 803 2598 Petrum,
822 2521 931 2582 Isidori
950 2522 1077 2596 scilicet,
1096 2523 1209 2586 Hiero·

93 2617 192 2701 uymi,
223 2616 379 2704 Prosperi,
410 2615 547 2693 Eusebii,
563 2636 631 2675 nec
661 2635 724 2728 pon
752 2626 784 2675 et
817 2614 853 2675 de
878 2613 1008 2675 historiis
1032 2614 1208 2677 Scottorum

94 2702 320 2788 saxonumque,
352 2705 460 2768 licet
451 2707 665 2783 inimicorum,
690 2728 753 2767 non
777 2711 815 2765 ut
836 2706 933 2783 volui,
965 2708 1019 2770 sed
1049 2720 1083 2770 ut
1106 2708 1209 2789 potui,

93 2822 229 2863 meorum
255 2804 462 2881 obtemperans
486 2800 665 2881 jussionibus
689 2798 855 2875 seniorum,
881 2820 968 2859 uuam
992 2800 1068 2865 banc
1087 2802 1214 2864 histori-

92 2895 230 2957 unculam
248 2896 455 2977 undecumque
477 2894 631 2957 collectam
650 2892 846 2955 balbutiendo
858 2895 1048 2973 coacervavi,
1068 2907 1099 2958 et
1110 2916 1208 2959 rema-

93 3003 200 3051 nentes
234 2992 313 3071 picas
331 2999 450 3050 actuum
468 2988 714 3069 praeteritorum,
732 3006 771 3047 ne
790 2986 908 3068 penitus
929 2988 1095 3053 decalcaue
1116 2993 1210 3073 depe-

93 3012 346 3199 rirent‚(quarum
359 3084 455 3165 ampla
470 3102 555 3165 seges
570 3082 719 3163 quondam
733 3091 937 3144 extranearum
949 3082 1084 3164 gentium
1095 3082 1209 3147 infestis

93 3178 273 3239 messoribus
292 3177 412 3257 sparsim
427 3186 584 3257 praerepta
606 3186 664 3247 est,
683 3184 872 3253 posterorum
885 3176 1045 3238 memoriae
1058 3178 1209 3256 pudibun-

95 3270 149 3331 dus
169 3271 307 3331 mandare
335 3269 441 3333 curavi.
483 3268 622 3349 Quippe,
645 3266 745 3327 multis
771 3264 926 3344 obnoxiis‚'
945 3269 998 3349 qui
1017 3270 1063 3332 rix
1081 3270 1209 3333 aliorum

95 3364 253 3424 dictamina
274 3362 428 3443 superficie
448 3374 549 3439 tenus,
569 3373 658 3442 prout
671 3359 744 3421 utile
758 3373 849 3436 esset,
867 3361 1038 3445 intelligere
1058 3364 1209 3445 bucusque

96 3456 264 3537 quiveram,
289 3457 397 3517 nedum
421 3457 543 3536 propria
566 3446 675 3514 incude
698 3453 861 3530 sufficiens,
886 3455 938 3515 sed
964 3456 1045 3518 velut
1064 3457 1208 3521 barbarus
1245 3485 1248 3489 ⁴

91 3549 221 3613 aliorum
240 3549 370 3635 linguam
387 3549 571 3634 infringens,
587 3559 700 3610 temere
720 3547 931 3609 commendavi.

173 3644 313 3704 Attamen
337 3644 485 3703 internum
509 3640 615 3705 vulnus
641 3640 750 3701 circum
774 3639 949 3719 praecordia
974 3642 1097 3707 volvam
1115 3664 1209 3726 aegre

93 3736 244 3815 ferebam,
264 3738 289 3797 si
308 3735 447 3819 propriae
461 3736 557 3819 gentis
570 3754 697 3810 nomen,
717 3735 866 3813 quondam
879 3734 1023 3797 famosum
1037 3747 1068 3796 et
1076 3736 1207 3818 insigne,
1286 3754 1293 3769 ‘

94 3830 248 3892 oblivione
268 3850 422 3893 corrosum
447 3829 579 3889 fumatim
599 3839 794 3891 evanesceret.
854 3828 913 3889 Sed
934 3829 1073 3914 quoniam
1092 3841 1207 3890 utcum-
1232 3860 1238 3869 ’

166 4063 194 4133 l)
213 4064 278 4116 Hier
298 4069 391 4134 langen
412 4066 454 4119 die
476 4066 538 4119 Mae
561 4066 582 4118 L
604 4067 661 4119 und
682 4068 713 4120 M
729 4088 768 4120 am
803 4066 933 4120 llinsicbts
953 4066 1000 4119 der
1016 4065 1207 4136 Erorterungen
1308 4040 1312 4045 -

93 4150 163 4203 fiber
185 4148 273 4201 diesen
294 4153 393 4217 Prolog
413 4152 467 4203 und
490 4151 533 4204 die
555 4153 675 4217 folgende
692 4152 821 4223 Apologia
842 4151 911 4212 vird
936 4151 983 4206 der
998 4153 1077 4207 beser
1097 4154 1143 4207 auf
1163 4153 1209 4211 die

92 4232 247 4301 Eiuleltnng
264 4235 415 4299 verwiesen.
432 4267 465 4280 -
499 4236 529 4307 2)
546 4236 647 4303 Elvoti,
664 4238 704 4300 Μ,
