2825 5009
216 315 278 391 128

235 483 238 488 '
292 477 328 538 ln
348 475 414 536 zelo
434 473 524 556 igitur
544 471 647 534 domus
666 472 807 548 Domini,
831 487 929 547 sacrae
955 469 1045 551 legis,
1069 487 1120 529 seu
1139 468 1323 548 cogitatuum

216 567 391 644 rationibus,
408 563 457 630 vel
477 564 599 625 fratrum
618 563 764 648 religiosis
781 563 919 644 precibus
939 571 1068 638 coactus,
1086 580 1165 620 nunc
1184 559 1325 640 persolvo

216 814 296 892 visse3
318 825 518 878 Gabaonitarum
539 823 640 880 irritum
657 826 765 889 foedus,
788 825 927 878 calliditate
949 824 1011 876 licet
1033 835 1174 885 extortum,
1195 819 1327 872 nonnullis

217 908 332 962 intulisse
356 908 475 972 exitium,
500 909 534 961 ob
556 923 661 980 peccata
683 908 818 961 bominum
841 908 958 978 querulas
971 921 1126 960 *sanctorum
1141 907 1328 976 prophetarum

142 993 146 1000 ¹
211 997 294 1046 'voces
317 1003 346 1045 et'
364 993 474 1045 maxime
491 993 637 1045 Hieremiae
659 992 760 1045 ruinam
785 990 893 1044 civitatis
915 1011 975 1044 suae
996 986 1160 1061 quadruplici
1176 986 1327 1058 ⁴plangentis

219 1079 365 1148 alphabeto.
400 1077 577 1147 videbamque
595 1075 672 1129 etiam
688 1091 778 1129 nosuo
795 1070 922 1146 tempore,
940 1089 972 1128 ut
986 1074 1032 1126 illc
1050 1073 1202 1125 defleverat:
1218 1072 1328 1136 „Solam

219 1161 314 1214 sedisse
331 1162 422 1212 urbem
433 1159 545 1224 viduam,
562 1173 635 1212 antea
651 1160 757 1231 populis
773 1160 886 1230 plenam,
901 1158 1017 1226 gentium
1028 1156 1168 1219 dominam,
1183 1154 1329 1226 principem

218 1242 423 1314 provinciarum,
440 1244 487 1296 sub
499 1243 598 1295 tributo
615 1243 693 1296 fuisse
710 1245 828 1297 factam‘*
846 1244 887 1314 (id
904 1256 955 1306 est,
971 1242 1127 1311 Ecclesiam)
1143 1240 1329 1305 „obscuratum
1390 1230 1391 1237 ἵ

219 1346 309 1379 aurum
327 1328 494 1397 coloremque
512 1321 640 1397 optimum
656 1333 800 1379 mutatum“
817 1328 904 1397 (quod
921 1340 967 1389 est,
984 1325 1065 1380 verbi
1080 1325 1133 1376 Dei
1150 1323 1329 1392 splendorem)

219 1409 304 1474 „lilios
321 1409 386 1462 Sion
392 1413 409 1442 ⁴‘
427 1408 475 1478 (id
492 1425 544 1474 est,
567 1425 667 1464 sanctae
684 1410 773 1463 matris
789 1408 941 1479 Ecclesiae)
958 1408 1082 1472 „inclitos
1100 1423 1127 1461 ct
1143 1408 1248 1460 amictos
1266 1425 1328 1458 auro

217 1492 333 1563 primo,“
353 1491 510 1562 amplexatus
532 1493 611 1546 luisse
632 1509 754 1547 stercora.
791 1493 827 1546 Et
854 1495 925 1564 quod
950 1493 991 1544 illi
1013 1491 1212 1546 intolerabiliter
1235 1505 1328 1560 utpote

217 1577 372 1647 praecipuo,
397 1575 463 1628 mihi
489 1595 593 1646 quoque
621 1576 683 1629 licet
707 1576 823 1648 abjecto,
840 1591 984 1645 *utcunque
1010 1576 1043 1628 ad
1070 1575 1204 1628 cumulum
1229 1575 1327 1627 doloris

219 1663 360 1724 crescebat,
383 1661 447 1726 dum
468 1660 505 1712 ita
527 1661 632 1712 eosdem
646 1675 724 1714 statu
746 1679 872 1731 prospero
895 1660 1010 1712 viventes
1034 1658 1148 1725 egregios
1169 1659 1280 1722 luxerat,
1300 1671 1328 1709 ut

1369 1406 1392 1531 l

219 1746 330 1798 diceret:
366 1743 557 1808 „Candidiores
573 1745 696 1796 Nazaraei
721 1742 775 1815 ejus
797 1745 871 1810 nive,
894 1740 1090 1798 rubicundiores
1114 1742 1192 1793 ebore
1214 1743 1328 1812 antiquo,
1390 1778 1391 1789 ,

218 1828 339 1900 sapphiro
357 1827 544 1898 pulchriores.“
572 1831 624 1881 Ista
641 1848 688 1894 ego
708 1827 803 1900 [enim,
820 1826 868 1901 ἶ]
888 1843 914 1879 et
930 1828 1011 1880 multa
1029 1825 1079 1878 alia
1096 1825 1178 1878 veluti
1194 1825 1328 1897 speculum
1390 1814 1391 1823 ἵ

220 1915 352 1984 quoddam
368 1912 436 1964 vitae
458 1927 560 1966 nostrae
582 1913 610 1964 iu
627 1913 766 1982 scripturis
781 1911 919 1965 Veteribus
940 1911 1041 1962 intuens
1067 1913 1234 1962 convertebar
1253 1910 1329 1962 etiam

208 1999 252 2050 ad
266 1999 360 2060 Novas,
378 2009 405 2048 et
420 1995 458 2047 ibi
475 1995 591 2060 legebam
609 1995 708 2060 clarius,
726 2015 790 2066 quae
808 1995 874 2047 mihi
890 1994 998 2046 forsitan
1014 2007 1088 2046 autea
1105 1994 1213 2048 obscura
1223 1996 1328 2056 incunt,

220 2094 332 2133 cessante
348 2079 439 2132 umbra
454 2097 484 2131 ac
501 2078 607 2131 veritate
624 2081 722 2133 firmius
738 2081 912 2132 illucescente.
946 2078 1087 2145 Legebam,
1105 2079 1224 2148 inquam,
1239 2077 1330 2130 Domi·

220 2183 282 2217 num
300 2163 405 2215 dixisse:
434 2163 515 2225 „Non
532 2162 591 2214 veni
606 2163 656 2216 uisi
672 2166 705 2216 ad
727 2184 788 2216 ovea
809 2162 922 2232 perditas
940 2163 1032 2214 domus
1050 2163 1154 2215 lsrael.“
1186 2163 1221 2216 Et
1237 2183 1250 2214 c
1268 2181 1328 2214 con·

219 2247 312 2300 trario:
340 2245 427 2310 „Filii
444 2260 528 2298 autem
545 2246 616 2312 regui
633 2247 707 2318 bujus
725 2246 860 2318 ejicientur
875 2246 902 2297 in
919 2247 1036 2298 tenebras
1054 2247 1206 2314 exteriores,
1226 2247 1263 2300 ibi
1279 2247 1326 2309 erit
1349 2231 1351 2238 Α

219 2333 294 2384 fletus
312 2343 339 2382 et
359 2329 455 2382 stridor
472 2329 613 2381 dentium.‘⁸
646 2330 681 2381 Et
698 2331 807 2382 iterum:
842 2329 924 2392 „Non
945 2333 1099 2382 cothorum
1121 2331 1215 2384 tollere
1236 2334 1326 2400 punctu

221 2499 326 2552 critae.“
359 2495 515 2550 Andiebam:
539 2496 637 2560 „Multi
653 2499 686 2550 ab
704 2497 804 2548 oriente
822 2509 849 2546 et
866 2495 1000 2549 occidente
1017 2497 1120 2551 venient
1137 2513 1165 2550 ct
1180 2499 1326 2550 recumbent
1353 2555 1358 2561 ³
1390 2531 1392 2567 5

112 2455 116 2462 .
219 2415 335 2466 filiorum
352 2427 379 2465 et
394 2412 497 2464 mittere
515 2412 643 2467 cmitms‘
670 2415 750 2466 Item:
767 2413 839 2477 „Vae
857 2411 930 2465 vobis
939 2413 1045 2466 Scribae
1063 2429 1089 2467 et
1103 2414 1327 2485 Phariseeilsypo·
1390 2408 1392 2471 i

1390 2474 1392 2527 l

221 2601 281 2635 cum
297 2582 434 2645 Abraham,
450 2581 520 2633 Isaac
538 2593 563 2632 et
579 2583 661 2634 Jacob
679 2581 706 2632 in
718 2599 797 2647 regno
814 2580 979 2648 coelomm3⁴¹
997 2595 1024 2632 et
1039 2581 1186 2635 ediverso:
1201 2581 1251 2644 „Et
1266 2595 1326 2632 tunc
1390 2570 1391 2635 i

220 2667 305 2718 dicam
323 2666 366 2728 eis,
384 2664 540 2717 disceditea
557 2685 598 2716 me
617 2665 729 2735 operarii
745 2663 912 2733 iniquitatis.“
941 2667 1083 2732 chebam:
1101 2666 1212 2734 „Beatae
1228 2664 1323 2716 steriles

222 2764 248 2801 ct
264 2750 344 2800 ubera
360 2767 425 2818 quae
442 2767 495 2800 nou
513 2749 704 2814 lactaverunt;“
724 2763 750 2800 ct
767 2768 782 2800 c
801 2750 946 2802 contrario:
968 2749 1065 2817 „Quae
1081 2765 1184 2820 parauc
1202 2763 1272 2801 erant
1287 2749 1324 2799 in-
1390 2754 1391 2791 l

220 2844 351 2885 trarerunt
368 2850 427 2882 euru
445 2850 477 2881 eo
489 2832 521 2883 ad
537 2833 647 2901 nuptias,
664 2846 756 2901 postea
772 2848 898 2885 venerunt
915 2847 941 2886 ct
958 2832 1073 2903 reliquae
1083 2833 1194 2900 virgines
1211 2832 1327 2903 dicentes¹

1390 2844 1392 2895 l

221 2914 345 2977 Domine,
361 2914 484 2978 Domine,
500 2915 572 2984 aperi
587 2915 698 2982 nobis;“
717 2914 810 2985 quibus
826 2935 980 2987 responsum
991 2918 1083 2970 fucrit:
1100 2920 1178 2983 „Non
1187 2917 1250 2982 nori
1259 2922 1327 2967 νου·
1390 2924 1391 2951 ³

222 2998 366 3052 Audiebaru
383 3014 457 3052 saue:
475 2998 546 3066 „Qui
563 2999 702 3055 crediderit
719 3001 898 3070 etbaptiuatus
910 3002 997 3065 fucrit,
1013 3003 1097 3056 salvus
1110 3001 1174 3070 crit3
1190 3001 1327 3072 quiantem

221 3102 275 3135 non
290 3081 431 3160 'crediderit
446 3082 681 3138 condemnabitur.“
715 3084 844 3158 Legebam
861 3085 984 3156 Apostoli
1000 3100 1079 3153 voce,
1103 3086 1216 3140 Oleastri
1231 3105 1326 3138 ramam

220 3167 304 3222 bonae
322 3166 405 3219 olivae
422 3157 545 3242 inscrtum
561 3167 654 3235 fuisse;
676 3168 722 3220 sed
738 3186 753 3220 a
771 3163 894 3220 socictate
914 3156 1008 3223 radicis
1030 3171 1192 3241 pinguedinis
1209 3170 1327 3245 ejusdem,

181 3277 185 3298 ι
221 3251 243 3303 si
258 3270 313 3302 non
328 3249 460 3312 timuisset,
472 3252 571 3320 ‘etalta
587 3265 696 3322 saperet,
713 3251 889 3305 excidendum.
924 3254 1046 3306 Sciebam
1062 3255 1263 3308 miscricordiam
1272 3255 1325 3306 Do-

221 3333 299 3396 mini,
316 3334 362 3384 sed
379 3346 405 3384 et
421 3332 546 3403 judicium
562 3335 698 3402 timebam5
724 3336 859 3389 laudabam
874 3337 994 3404 gratiam,
1016 3341 1063 3410 sed
1085 3340 1258 3400 redditionem
1273 3337 1327 3389 uni·
1390 3350 1391 3353 ’

223 3416 316 3486 cuique
333 3415 474 3469 secundum
492 3434 571 3486 opera
588 3437 633 3471 sua
650 3419 770 3488 verebar;
795 3440 856 3472 oves
873 3420 948 3476 unius
971 3422 1202 3481 ovilisdiosimiles
1217 3442 1325 3484 cerneum

207 3500 314 3553 'merito
332 3497 505 3553 beatissimum
523 3497 640 3554 dicebam
656 3501 763 3556 Petrum
780 3505 814 3555 ob
833 3504 928 3557 Christi
944 3497 1068 3572 integram
1087 3508 1287 3572 confessionem,
1301 3518 1327 3557 at

221 3585 317 3636 Judam
332 3584 549 3648 infelicissimum,
573 3601 682 3656 propter
699 3587 846 3657 cupiditatis
863 3606 992 3652 amorem,
1013 3591 1174 3661 Stephanum
1190 3591 1328 3658 gloriosum

218 3670 259 3729 ,ob
275 3668 389 3740 martyrii
405 3669 533 3739 palmam,
559 3670 760 3724 aed-Nicolaum
776 3670 898 3736 ruborum
915 3681 1024 3744 propter
1039 3675 1187 3737 immundae
1204 3674 1328 3728 baeresios
1390 3736 1391 3739 Ἴ

222 3766 318 3814 notam.
359 3753 487 3830 Legebam
511 3766 593 3805 certe:
628 3755 729 3819 „Erant
750 3754 802 3807 illis
826 3755 914 3808 omnia
936 3758 1117 3827 commuuia;“
1143 3760 1189 3812 sed
1211 3773 1239 3810 et
1263 3757 1329 3833 quod

223 3835 322 3888 dictum
339 3848 390 3887 est:
426 3834 535 3903 „Quare
559 3839 679 3890 convenit
695 3827 768 3891 vobis
791 3853 889 3892 tentare
906 3842 1033 3911 Spiritum
1048 3842 1139 3897 neit‘·
1174 3843 1329 3896 Videbame
1389 3872 1392 3897 ι

223 3918 327 3994 regione
353 3932 475 3990 quantum
501 3920 642 3974 securitatis
659 3923 805 3984 hominibus
830 3924 913 3976 nostri
934 3927 1076 3996 temporis,
1099 3947 1128 3980 ac
1150 3928 1172 3978 si
1186 3932 1250 3983 'raon
1268 3938 1328 3980 esset

223 4005 295 4072 quod
311 4004 459 4067 timeretur,
481 4004 629 4060 increverat.
663 4005 734 4057 llaec
755 4005 832 4070 igitur
853 4009 984 4086 ctpmulto
1002 4012 1089 4080 plura,
1114 4031 1179 4082 quae
1202 4010 1327 4064 brevitatis

224 4105 298 4137 causa
316 4086 455 4139 omittenda
474 4089 645 4151 decrevimus,
670 4109 728 4140 curn
745 4090 916 4162 qualicunque
939 4095 1023 4145 cordis
1047 4097 1247 4167 compunctione
1264 4109 1326 4149 atto-

224 4167 277 4237 nita
294 4183 378 4222 ruente
395 4171 494 4242 saepius
512 4173 631 4253 voluens3
649 4176 691 4248 si,
713 4177 833 4246 inquam,
855 4175 978 4249 peculiari
995 4197 1026 4230 ex
1048 4179 1168 4238 omuibus
1185 4178 1326 4236 nationibus
