2825 5009
1131 316 1193 388 159

89 466 149 543 jana
162 467 252 542 solus,
271 466 331 528 acsi
350 467 440 528 arhor
459 469 489 527 in
506 469 720 548 medio'campo
741 489 886 544 arescens,
905 472 1062 533 recordare
1076 484 1192 552 patrum

24 577 25 584 ¹
89 560 272 640 fratrumque
292 572 410 620 tuorum
431 582 636 640 supervacuam
659 562 854 640 phantasiam,
878 563 1036 641 juvenilem
1055 566 1212 627 immatus

24 671 26 754 p
87 673 216 742 remque
231 664 366 714 munem.
404 655 525 730 Now)
543 655 696 714 centennis
721 666 755 714 tu
774 655 814 716 ob
839 655 976 736 religiosa
1001 658 1120 734 merita,
1143 660 1193 721 vel

88 764 215 810 conanus
227 747 417 821 Mathusalae,
438 759 574 828 exceptus
588 769 622 808 ex
632 751 662 824 ²)
683 748 765 809 omni
779 748 864 828 prole
873 749 1051 813 servaberis?
1070 753 1191 832 Nequa-

24 863 26 928 ,
89 861 185 918 quarn.
225 841 286 900 Sed
306 840 361 900 nisi
388 840 488 915 citius,
512 852 545 900 nt
563 837 757 918 Psalmista⁸)
781 841 838 915 ait,
863 861 1021 904 conuersus
1045 845 1135 908 fueris
1153 847 1191 907 ad

86 934 261 1008 Dominum,
283 953 381 994 ensem
401 934 432 991 in
452 943 482 994 te
502 933 629 996 vibrabit
648 934 678 992 in
700 933 783 996 brevi
801 955 885 995 sunm
905 934 967 994 Rex
986 933 1046 1009 itte,
1066 938 1117 1016 qui
1136 959 1191 1018 por

24 1089 26 1128 Ι
84 1026 326 1106 Prophetamt),
346 1026 424 1106 Ego,
443 1025 549 1103 iuquit,
571 1027 714 1100 occidam,
734 1037 765 1086 et
784 1044 842 1108 ego
860 1026 961 1086 vivere
980 1027 1099 1106 faciam
1119 1042 1189 1109 per-

24 1129 26 1190 }
85 1119 194 1178 cutiam
216 1129 246 1178 et
265 1139 321 1199 ego
342 1117 464 1192 sanabo,
483 1130 514 1178 et
526 1137 588 1178 non
603 1129 656 1192 est,
677 1119 728 1197 qui
742 1119 778 1178 da
791 1139 879 1178 manu
892 1139 957 1180 mea
969 1121 1062 1198 possit
1075 1142 1189 1184 eruere.

24 1205 26 1274 ἴ
88 1211 311 1286 Quamobrem,
334 1221 472 1270 excutere
500 1211 536 1270 de
559 1210 676 1271 ‘foetido
697 1210 817 1290 pulvere
836 1224 889 1271 tun
910 1223 941 1271 et
959 1224 1134 1276 convertere
1151 1217 1190 1277 ad

85 1325 155 1366 euna
180 1315 246 1366 toto
274 1303 381 1376 corde,
406 1303 456 1382 qui
481 1303 591 1364 creavit
615 1315 661 1377 te,
685 1314 718 1362 ut
743 1324 810 1362 cunr
835 1303 973 1362 exarserit
992 1303 1024 1362 in
1043 1303 1127 1385 brevi
1145 1305 1188 1368 ira

24 1433 25 1476 3
84 1396 160 1476 ejus,
180 1389 283 1465 beletus
302 1399 339 1458 sis
359 1415 478 1475 sperans
498 1395 528 1453 iu
549 1414 631 1468 eum3
651 1395 696 1455 siu
716 1395 798 1469 alias,
817 1404 954 1456 aeternae
974 1407 1004 1456 tc
1024 1399 1189 1460 manebunt

24 1497 25 1500 ’
83 1511 203 1569 poenae
220 1490 435 1552 conterendum
455 1507 541 1549 saeva
562 1487 701 1548 continue
723 1499 755 1548 et
773 1508 957 1568 nequaqnam
976 1489 1187 1554 absumentum

24 1633 25 1636 ,
83 1583 204 1643 Tartari
223 1581 375 1678 lalce⁸).“
1237 1662 1239 1669 y

596 1729 624 1812 ἓ·
645 1739 673 1799 ⁵·
1110 1708 1215 1843 led
1225 1691 1321 1849 pff,
1356 1782 1385 1861 t.

162 1847 269 1923 „Quid
289 1857 337 1923 tu,
359 1861 494 1926 qnoque,
518 1843 609 1922 pardo
631 1843 731 1906 similis
750 1844 895 1920 muribus,
920 1857 951 1906 et
970 1848 1107 1927 nequitiis
1127 1848 1185 1912 dia
1208 1839 1274 1966 pp]
1294 1841 1356 1926 l&
1369 1867 1384 1909 at

82 1942 182 2016 color,
202 1947 376 2000 canescente
395 1937 453 2015 jam
474 1934 588 2015 capite,
608 1937 638 2008 in
657 1937 769 1998 throno
790 1938 865 1998 dolis
885 1939 991 2017 pleno,
1016 1945 1100 2004 stab
1120 1944 1185 2006 imis
1245 1981 1263 2037 p
1283 1930 1362 2073 (psl
1390 1944 1393 1954 ⁴

81 2034 194 2095 vertice
213 2044 299 2092 tenus
318 2030 439 2091 diversis
459 2028 676 2108 parricidiisaet
702 2030 851 2091 adulteriis
878 2041 1086 2112 constuprato,
1113 2037 1186 2097 boni
1291 2042 1301 2095 t

81 2126 162 2208 regis
187 2145 313 2204 nequam
340 2123 396 2198 nti,
426 2134 458 2182 ut
483 2122 628 2183 Ezechiae
654 2125 816 2198 Monaeses,
845 2122 1036 2183 Demetarum
1061 2138 1185 2216 trpaqu
1221 2102 1375 2212 halim

86 2221 285 2297 Vnrttpariss),
315 2217 430 2298 stupide
461 2215 557 2297 riges?
597 2215 679 2291 Quid
704 2228 734 2275 te
763 2228 823 2276 tam
847 2213 970 2277 violenti
994 2230 1184 2296 peccatorum
1226 2197 1258 2314 l4

81 2312 225 2394 gurgites,
245 2329 319 2389 quos
338 2321 370 2370 ut
390 2309 490 2370 vinum
511 2311 653 2388 optimum
674 2309 792 2383 sorbes,
811 2309 871 2368 imo
891 2319 923 2368 tu
942 2308 980 2368 ab
1002 2310 1042 2371 eis
1062 2315 1184 2388 voraris,

82 2405 339 2486 appropinquante
351 2407 382 2482 ⁷)
402 2403 508 2464 sensim
528 2400 606 2460 vitae
627 2401 735 2475 limite,
754 2421 817 2461 non
836 2401 961 2463 satiant?
1002 2403 1083 2476 Quid
1103 2408 1186 2484 quasi

82 2498 216 2558 culminis
235 2497 378 2557 malorum
403 2495 535 2556 omnium
559 2505 679 2572 stupro,
702 2493 823 2572 propria
847 2506 897 2554 tna
922 2505 1019 2555 amota
1045 2499 1184 2578 conjoge,

25 2593 26 2598 ’
82 2594 212 2671 ejusdem
237 2592 361 2650 honesta
393 2601 488 2649 morte
520 2585 697 2665 impudentis
718 2584 811 2661 filiae,
844 2587 972 2664 quodam
1002 2588 1183 2651 ineluctabili

81 2686 215 2764 pondere
235 2683 368 2764 miseram
389 2684 512 2742 animam
534 2679 657 2741 oneras?
688 2680 776 2756 Ne⁸)
795 2700 959 2754 consumas,
978 2700 1099 2758 quaeso,
1119 2683 1182 2745 die.

80 2801 145 2838 rum
167 2778 247 2858 quud
266 2776 411 2855 reliquum
432 2773 525 2834 estin
546 2771 604 2830 Dei
624 2770 783 2846 offensam
809 2773 877 2852 quia
902 2793 980 2834 nunc
999 2770 1113 2851 ternp'us
1132 2795 1183 2834 ac-

81 2869 241 2952 ceptabile,
258 2880 288 2928 et
308 2869 368 2930 dies
381 2868 480 2934 salutis
493 2863 625 2926 vultibus
634 2863 850 2944 poenitentium
864 2864 953 2939 lucet,
972 2864 1003 2925 iu
1023 2885 1083 2943 quo
1105 2865 1182 2937 bene
1209 2912 1213 2918 .

24 2969 25 2974 ’
80 2963 200 3044 operari
219 2973 314 3042 potes,
334 2980 372 3020 ne
391 2960 442 3020 fiat
462 2959 529 3040 suga
549 2971 599 3020 tua
619 2958 725 3032 hieme,
744 2956 792 3017 vel
812 2957 944 3018 sabbato.
983 2958 1115 3032 Diserte,
1134 2981 1182 3020 se-

80 3057 208 3115 cundnm
232 3054 469 3128 Psalmistnml),
500 3073 517 3112 a
542 3052 619 3110 malo
646 3061 676 3110 et
702 3050 749 3109 fac
779 3049 907 3124 bonurn,
937 3050 1054 3128 inquire
1079 3072 1182 3130 pacem

80 3149 190 3209 honam
211 3159 241 3205 et
259 3161 384 3224 sequere
404 3164 483 3218 earn,
504 3144 571 3223 quia
591 3141 670 3204 oculi
689 3141 812 3201 Domini
831 3152 968 3221 superte
989 3142 1068 3204 hona
1089 3165 1181 3226 agen.

80 3252 156 3315 tem,
177 3249 206 3298 et
225 3259 308 3298 aures
328 3237 389 3313 ejus
410 3247 495 3295 erunt
515 3236 544 3294 in
566 3255 668 3315 preses
690 3246 769 3310 tuas,
790 3245 820 3293 et
839 3254 901 3293 non
921 3235 1028 3314 perdet
1047 3236 1083 3299 de
1102 3248 1182 3298 terra

80 3325 238 3394 viventium
269 3329 440 3391 memoriam
471 3339 560 3390 tuam.
607 3326 755 3388 Clamabis
784 3338 814 3386 et
843 3327 978 3387 exaudiet
1007 3338 1054 3404 te,
1087 3342 1117 3390 et
1147 3352 1181 3390 ex

81 3425 219 3487 omnibus
238 3419 478 3492 tribulationibus
499 3421 555 3480 tuis
580 3431 664 3480 eruet
683 3432 723 3480 te.
764 3412 827 3480 Cor
852 3420 995 3500 siquidem
1021 3425 1180 3483 contritum
1229 3442 1233 3452 ·

79 3529 108 3576 et
130 3517 309 3577 humiliatum
335 3515 442 3574 timore
468 3513 529 3590 ejus
554 3532 693 3591 nusquam
717 3511 848 3572 Christus
877 3513 998 3592 spernit.
1038 3516 1181 3595 Alioquin

78 3608 184 3670 vermis
204 3607 341 3670 tortionis
368 3619 435 3667 tuae
460 3625 520 3666 non
547 3605 705 3680 morietur,
731 3615 761 3663 et
784 3604 861 3686 iguis
886 3605 1009 3679 ustionis
1029 3620 1097 3669 tuae
1118 3629 1180 3670 non

78 3704 307 3784 exstinguetur.“

148 3851 175 3906 l.
194 3854 287 3923 Num.)
305 3851 341 3919 V;
359 3855 435 3918 unde,
452 3853 483 3906 R
503 3883 534 3893 -
559 3851 583 3906 2.
602 3849 672 3914 Ex>
690 3850 773 3916 Pene;
789 3851 869 3905 Prim.
885 3852 981 3922 [ubiz
1000 3882 1032 3894 ·-
1057 3853 1082 3907 3.
1099 3852 1180 3908 Ptol·

77 3936 184 4005 nnete.)
201 3936 310 4000 Psvlt,
329 3939 368 3994 ra
386 3967 419 3980 ·-
441 3938 466 3992 d.
484 3935 894 4004 Propinavitlteuuffllt,
912 3935 954 3991 39.
972 3965 1004 3979 -
1029 3937 1054 3992 5.
1069 3934 1179 4006 Falce.)

77 4021 113 4088 V,
132 4022 212 4086 laune,
230 4020 309 4073 Prim.
327 4022 422 4091 pttt
435 4051 466 4066 -·
490 4021 514 4074 6.
535 4019 696 4088 Ὺονὶῲθνὶ.)
715 4019 743 4071 S.
760 4020 851 4082 Usbur,
867 4019 948 4072 Prien.
965 4018 1059 4088 pttt,
1076 4019 1179 4073 542*

24 4161 25 4170 ἶ
78 4103 101 4156 7.
120 4106 389 4174 Apprnpttaquunte.)
415 4105 451 4170 V3
477 4104 657 4173 appropiante,
683 4103 713 4156 Β.
741 4133 772 4144 -
806 4105 830 4157 8.
850 4103 912 4171 Ne.)
936 4104 973 4168 V3
998 4121 1065 4166 nun,
1086 4105 1118 4156 B.
1145 4131 1178 4156 ···.

24 4197 26 4238 t
76 4186 100 4238 9.
119 4186 318 4264 Brolmt'atunu)
334 4188 518 4250 PcttXtht,
537 4190 577 4242 tt.
1170 4212 1174 4223 ·
