2825 5009
306 665 426 741 'Quibus
446 666 542 726 statim
562 667 701 742 Romam,
727 667 766 727 ob
792 667 922 747 inopiam
943 668 1061 748 cespitis
1076 672 1119 748 ¹),
1143 679 1177 730 ut
1202 669 1284 728 aiunt
1294 672 1328 747 ²)

231 759 459 841 repedantibus,
490 771 520 818 et
550 759 624 818 nibil
651 762 686 820 rle
712 760 876 820 rebellione
900 761 1131 840 suspicantibus,
1163 764 1327 837 rectorest)

230 853 288 914 sibi
313 851 431 912 relictos
458 852 494 912 ad
519 853 745 930 enuncianda⁴)
770 852 884 933 plenius
908 852 955 913 vel
982 852 1183 912 confirmanda
1208 853 1327 912 Romani

229 944 316 1027 regui
341 941 490 1002 molimina
511 941 670 1050 Leaenaf)
694 944 848 1005 trucidavit
875 944 987 1006 dolosa.
1028 932 1144 1018 Quibus
1171 944 1212 1005 ita
1237 947 1327 1033 gestis

231 1057 295 1097 eum
316 1035 383 1094 talia
410 1037 523 1094 senatui
550 1033 778 1111 nunciarentur,
804 1047 835 1095 et
859 1056 992 1116 propero
1017 1038 1147 1097 exercitu
1166 1030 1326 1121 vulpeculis

188 1119 263 1189 '‘ut
287 1128 474 1209 fingetur),
500 1128 630 1189 subdolis
655 1117 756 1187 ulcisci
781 1128 947 1204 festinaret,
971 1149 1033 1188 non
1060 1129 1225 1188 militaris'
1214 1151 1245 1188 an
1264 1129 1327 1190 mari

229 1219 325 1282 classis
346 1231 446 1299 parata
467 1221 584 1280 sortiter
604 1219 742 1280 dimicare
762 1240 818 1300 pro
838 1221 949 1300 patria,
974 1239 1071 1298 neque
1092 1223 1262 1299 quadratum
1281 1243 1325 1304 ag·

228 1335 315 1388 meu,
340 1333 436 1392 neque
464 1315 594 1372 dextrum
619 1332 728 1387 cornu,
758 1312 868 1375 aliusve
892 1312 965 1373 belli
995 1323 1150 1390 apparatus
1178 1314 1209 1372 iu
1235 1315 1324 1375 littore

229 1408 453 1482 conseritur'),
472 1407 523 1466 sed
543 1417 626 1488 terga
647 1424 703 1484 pro
724 1404 811 1464 scutis
832 1403 1001 1485 fugantibus
1020 1403 1187 1483 dabautt),
1212 1418 1242 1466 et
1259 1407 1325 1467 colla

227 1501 348 1584 gladiis,
373 1499 473 1581 gelido
493 1517 547 1577 per
567 1517 631 1558 ossa
650 1509 782 1558 tremore
807 1509 961 1604 currente,
984 1517 1144 1576 manusque
1163 1499 1324 1560 vinciendae

228 1593 412 1654 muliebriter
437 1591 669 1669 protenduntur3
701 1591 741 1650 ita
766 1603 799 1650 ut
824 1590 855 1650 in
882 1591 1070 1672 proverbium
1095 1602 1126 1650 et
1151 1592 1183 1650 iu
1209 1593 1323 1653 derisum

229 1687 320 1766 longe
341 1685 456 1764 lateque
477 1681 669 1761 efferatum),
690 1683 770 1762 quod
784 1703 845 1743 uon
861 1683 995 1744 Britanni
1009 1683 1067 1744 sint
1086 1681 1213 1747 inbelle
1232 1685 1325 1770 sortes

229 1773 570 1881 nwcefideles„

747 1943 775 2024 ᾖ.
795 1951 822 2011 7.

271 2053 276 2065 “
304 2059 408 2138 Itaque
427 2055 565 2130 Romani,
583 2054 680 2115 multis
700 2056 879 2134 perfidorum
899 2056 999 2130 caesis,
1018 2056 1168 2118 nonnullis
1188 2059 1224 2118 ad
1243 2057 1320 2118 serui-

117 2189 133 2231 .·
227 2165 336 2228 tutem,
356 2171 394 2211 ne
414 2161 492 2210 terra
513 2148 629 2228 penitus
650 2149 680 2206 in
700 2148 888 2208 solitudinem
908 2149 1105 2231 redigeretur,
1125 2150 1322 2232 mancipalibus

227 2246 392 2321 reservatis,
412 2244 569 2324 patria¹⁰)
589 2241 650 2302 viui
670 2240 788 2320 oleique
809 2252 928 2322 experte
948 2242 1050 2302 relicta
1062 2244 1071 2281 ¹
1084 2245 1128 2320 ¹),
1147 2242 1258 2303 Italiam
1276 2263 1321 2323 pe·

227 2350 309 2414 tunt,
328 2355 506 2416 suorumque
527 2334 674 2420 quosdam
687 2334 871 2412 praepositos
891 2334 1106 2413 relinquentes,
1130 2336 1321 2416 indigenarum

228 2432 321 2494 dorsis
336 2430 494 2511 mastigias,
510 2425 668 2489 cervicibus
682 2426 794 2507 jugum,
812 2427 877 2487 solo
892 2447 1002 2486 nomeu
1014 2429 1066 2506 ¹²)
1078 2429 1229 2511 Romanae
1242 2428 1320 2489 serai-

226 2527 357 2603 tutis¹⁸)
379 2524 563 2599 haerere¹⁴)
587 2519 731 2593 facturos,
756 2540 790 2579 ac
815 2534 956 2580 nontam
976 2520 1095 2579 militari
1119 2541 1222 2596 manu,
1246 2543 1319 2601 quam

225 2617 414 2701 flagellis¹⁵)
438 2617 571 2676 callidam
598 2623 718 2693 gentem
741 2624 954 2687 maceraturos,
980 2624 1026 2689 et,
1049 2615 1074 2674 si
1098 2633 1145 2674 res
1169 2614 1211 2674 sie
1230 2625 1319 2694 postu-

226 2711 327 2784 lasset,
354 2729 471 2784 ensem,
496 2721 528 2766 ut
553 2706 675 2778 dieitur,
700 2707 805 2786 sagina
824 2726 946 2767 vacuum
972 2707 1055 2766 lateri
1082 2707 1144 2785 ejus
1168 2707 1319 2786 populil‘)
1388 2774 1392 2787 ι

229 2803 518 2876 accommodaturos3
538 2800 579 2858 ita
598 2809 630 2856 ut
650 2815 712 2856 non
726 2799 879 2859 Britannia
897 2801 949 2860 sed
962 2801 1157 2879 Bomaua¹⁷)
1177 2799 1319 2874 insula¹⁰)
1389 2796 1393 2811 '

229 2905 415 2969 censeretur,
445 2906 483 2953 et¹
500 2881 639 2973 quicquid
665 2887 838 2968 babere¹⁰)
864 2894 1071 2973 potuisset20)
1094 2893 1184 2969 aeris,
1208 2889 1319 2972 argenti,

226 2987 275 3048 vel
295 2987 357 3048 auri
376 2987 503 3068 imagine
525 2983 658 3046 Caesaris
680 2993 843 3043 notaretur.
879 2984 881 2987 ’
1389 2972 1393 2985 “

250 3229 254 3233 -
294 3200 317 3254 1.
337 3199 472 3269 Ceaptta's.)
486 3197 627 3268 stipendii,
637 3197 710 3252 6.-
727 3196 753 3251 2.
762 3195 871 3266 Aiunt.)
884 3196 1002 3264 Aiebant,
1011 3201 1042 3264 B,
1052 3202 1083 3258 V.
1093 3227 1124 3238 -
1142 3199 1167 3253 3.
1178 3193 1317 3262 Rectam)

225 3283 380 3346 Britanniae,
398 3283 425 3334 in
437 3280 605 3336 Atwiscben
622 3286 673 3336 den
681 3284 772 3337 Zeilen
784 3280 954 3357 binaugeltigt.
973 3313 1003 3324 ··
1030 3283 1055 3337 4.
1071 3282 1119 3338 Ad
1132 3277 1317 3345 enuntt'ttttdtt.)

226 3369 263 3434 V;
286 3366 475 3429 denunciauda,
492 3369 523 3418 A.
541 3395 574 3408 ·-
609 3370 632 3422 5.
652 3367 790 3437 Marna.)
814 3367 928 3420 Cauadeu
951 3368 1051 3432 glaubt,
1074 3371 1131 3421 dass
1153 3369 1209 3422 bier
1229 3367 1271 3418 aul
1283 3364 1318 3414 dic

224 3453 376 3522 Empdruug
399 3453 445 3503 der
461 3451 590 3505 Boadicea
614 3453 755 3526 augespielt
776 3451 821 3504 sei.
860 3451 925 3504 Brit
950 3451 999 3504 col.
1016 3453 1129 3516 LXXII,
1154 3454 1194 3504 ed.
1211 3451 1285 3516 16953
1302 3469 1319 3500 a

225 3538 290 3589 auclr
300 3535 357 3591 365.
375 3565 407 3577 -
434 3538 458 3592 6.
476 3539 637 3609 lingebat.)
656 3539 779 3599 Senatus,¹
789 3536 877 3601 tugen
891 3536 1019 3588 awiscbsu
1037 3537 1086 3588 deu
1096 3538 1187 3590 Zeileu
1204 3537 1319 3589 biatu.-

225 3621 249 3676 7.
269 3619 451 3691 Conseritur.)
474 3623 688 3693 Conspiciuntur,
705 3621 744 3685 V,
766 3620 808 3670 vel
832 3618 964 3682 innititur,
987 3621 1062 3686 gloss.
1081 3651 1113 3663 -
1147 3623 1172 3678 8.
1189 3619 1320 3684 Dutaut.)
1390 3634 1391 3637 ’

224 3709 329 3759 Asetut
346 3705 468 3758 Romanis
485 3706 569 3757 binuu.
588 3733 620 3744 -·
654 3705 680 3764 9
699 3701 878 3774 Efferatttr.)
895 3705 1046 3768 Effemetur,
1064 3707 1095 3768 V,
1113 3708 1144 3772 J·
1160 3721 1279 3768 narratur,
1296 3707 1320 3762 n,

139 3829 142 3835 .
224 3793 350 3858 gloss.·-
386 3791 425 3844 10.
445 3791 567 3860 Patria)
589 3789 733 3859 Pata-iique,
757 3785 838 3839 11.-
873 3788 913 3843 11
930 3787 1121 3861 RelictamV
1144 3791 1240 3844 fehlt
1232 3809 1258 3842 un
1278 3791 1321 3840 deu

225 3875 354 3929 Mss-
389 3874 430 3930 12.
447 3869 573 3940 Nomen)
597 3877 723 3938 Nomine,
741 3875 827 3926 A·-
863 3873 902 3929 13.
920 3874 1089 3944 usuratu.)
1106 3874 1227 3939 Virtutis,
1248 3875 1321 3926 B.-

226 3959 266 4014 tt.
285 3959 432 4028 Haerere.)
451 3959 658 4020 Honore,V.-
682 3959 724 4013 15.
741 3957 898 4030 stagello.)
915 3959 1022 4025 Flagris
1040 3959 1198 4022 B,V.J;-
1221 3961 1259 4016 16.
1278 3959 1321 4012 Po
1387 3931 1391 3988 l

223 4041 305 4112 pult.)
329 4043 407 4094 Felrlt
424 4044 504 4110 inB,
524 4046 559 4105 V,
576 4044 654 4095 J.-
683 4042 731 4096 17.
749 4042 902 4113 Romana.)
919 4045 1056 4107 Romania,
1072 4044 1152 4098 J.-
1176 4046 1263 4097 Ueber
1277 4045 1320 4095 den
1389 4086 1390 4119 t

225 4125 324 4178 Namen
333 4127 417 4178 insula
426 4085 543 4180 Rumina
554 4149 572 4182 s.
583 4127 692 4192 Carta,
712 4127 809 4180 Histor.
819 4127 892 4194 Engl.
902 4131 923 4192 1,
933 4127 990 4192 196,
1001 4131 1075 4180 llnm.
1092 4157 1127 4169 ···
1153 4129 1192 4183 18.
1212 4128 1320 4195 Insula.)
1389 4168 1390 4199 ,

225 4209 303 4266 Fehlt
312 4208 339 4260 in
350 4209 382 4275 B,
390 4207 423 4264 V.
437 4241 467 4252 ·-
487 4213 527 4267 19.
546 4211 678 4280 Habere.)
697 4210 800 4274 Hateri,
810 4212 840 4264 V.
853 4241 884 4253 —
900 4212 941 4269 20.
960 4209 1117 4281 Potatsret.)
1135 4211 1304 4274 Pusione
1389 4242 1390 4263 n
