2825 5009
1134 326 1194 395 tat
1260 281 1264 294 ¹

86 507 161 546 nam
187 485 317 564 recepit,
349 494 380 542 et
405 501 536 544 reversus
561 493 620 555 est,
652 492 683 540 et
706 492 885 561 reportatam
911 482 943 541 S.
968 483 1091 544 Cadoeo
1111 486 1200 565 gratis

85 577 245 657 impendit.
284 575 415 654 Recepta
434 596 451 633 a
471 574 604 634 manibus
624 572 737 634 abbatis
755 574 887 634 intonuit
904 574 986 634 illico
1005 574 1128 653 pulsata,
1147 577 1200 636 ad-

86 669 265 730 mirantibus
285 667 406 726 cuuctis.
446 666 533 725 Unde
554 667 693 726 remansit
719 666 854 726 omnibus
874 667 1059 746 portantibus
1078 687 1134 746 per
1150 681 1200 728 to-

86 773 150 821 tam
173 760 320 820 Gualliam
334 761 362 834 ¹)
389 778 445 837 pro
464 757 599 840 relegio,
624 769 655 818 et
681 758 890 838 quicunque¹)
917 759 1072 838 perillam
1099 760 1201 822 illicite

86 854 254 932 juraret¹),
274 861 325 912 aut
343 849 509 930 privaretur
527 850 647 932 linguae
668 849 780 926 officio,
798 861 849 912 aut
867 851 1040 912 malefactor
1059 850 1201 956 fateretuse
1295 880 1298 884 ⁴

88 965 173 1007 snam
193 943 331 1023 injuriam
351 941 505 1004 continuo.
580 975 587 986 -

610 1107 640 1191 s.
658 1117 687 1178 ι.

171 1220 351 1300 (Ιιάοιιιιι)
377 1221 467 1282 abbas
491 1222 748 1284 Nancarbonensis
775 1222 914 1283 ecciesiae
944 1223 1061 1304 rogarit
1085 1223 1204 1283 Gildam

91 1316 265 1389 doctorem,
291 1325 324 1373 ut
348 1326 469 1393 regeret
495 1314 622 1374 studium
646 1314 813 1375 scholarum
836 1334 893 1394 per
915 1316 986 1374 anni
1005 1316 1146 1394 spatium,
1174 1329 1205 1376 et

89 1417 214 1487 rogatus
243 1405 318 1468 rexit
350 1407 524 1480 utillimum,
555 1407 636 1467 nulla
665 1408 802 1466 mercede
827 1419 947 1485 recepta
977 1429 995 1466 a
1022 1407 1204 1468 scholaribus

89 1509 213 1577 praeter
233 1499 382 1560 orationes
402 1499 474 1560 cleri
495 1511 526 1559 et
544 1499 731 1560 scholarium.
764 1497 826 1557 Ubi
844 1500 969 1578 ipsemet
993 1499 1110 1578 scripsit
1128 1519 1204 1578 opus

91 1602 222 1670 quatuor
240 1591 507 1672 Evangelistarum,
528 1592 608 1672 quod
624 1592 723 1651 adhuc
742 1603 875 1650 remanet
893 1590 924 1650 in
945 1591 1069 1652 ecclesia
1089 1590 1121 1649 S.
1143 1589 1204 1651 Ca·
1261 1634 1267 1652 .

91 1681 178 1757 doci,
204 1701 276 1742 auro
301 1695 332 1742 et
351 1693 476 1764 argento
499 1684 631 1762 undique
656 1686 889 1761 coopertum¹),
917 1683 954 1742 ad
979 1684 1125 1744 honorem
1144 1683 1204 1743 Dei
1239 1745 1244 1750 ,
1285 1751 1288 1756 ,
1377 1753 1380 1756 ,

91 1786 122 1834 et
141 1773 296 1853 scriptoris
315 1775 489 1836 sanctissimi
509 1786 539 1834 et
558 1775 798 1881 Evangeliorum
837 1775 958 1835 Tenent
974 1774 1166 1857 Waleoses
1156 1797 1204 1834 ιιι-

91 1866 221 1950 digenae
240 1866 314 1926 illud
338 1866 477 1928 volumen
504 1867 743 1946 pretiosissimum
768 1867 799 1925 in
820 1866 1114 1944 conjurationitnst)
1133 1868 1204 1941 suis,

92 1979 150 2018 nec
178 1959 288 2018 audent
314 1959 429 2038 aperire
457 1959 494 2018 ad
519 1959 689 2033 videndum3
718 1980 775 2019 nec
806 1957 1023 2037 confirmauit)
1048 1980 1150 2039 pacem
1176 1972 1206 2020 et

94 2051 254 2113 amicitiam
274 2051 353 2112 inter
365 2050 518 2126 inimicos,
536 2051 593 2111 uisi
612 2051 685 2111 illud
706 2051 854 2112 alluerit
844 2073 875 2111 ιιι
895 2051 995 2132 primis
1015 2052 1191 2133 appositum.

613 2215 689 2298 §.s
761 2286 763 2289 .

171 2330 314 2407 Finitot)
333 2328 404 2388 anni
423 2327 531 2407 spatio,
551 2329 621 2406 et¹)
642 2328 824 2389 scholaribus
842 2329 1081 2391 recedentibms
1099 2330 1207 2406 studio,

93 2437 212 2486 sanctus
239 2423 329 2485 abbas
349 2419 485 2482 Cadocus
506 2429 536 2479 et
557 2418 666 2522 Gildasl
685 2421 792 2482 doctor
811 2422 939 2500 optimus
965 2424 1115 2484 communi
1133 2444 1207 2484 con·

165 2685 190 2740 1.
209 2681 373 2751 Guullt‘am.)
391 2680 426 2748 B;
444 2679 566 2746 Galliam,
580 2680 609 2732 Α.
628 2709 660 2722 -
684 2679 710 2734 2.
730 2680 910 2752 Quicunque.)
927 2682 966 2749 B;
983 2682 1115 2754 quicquid,
1132 2683 1208 2734 A.-

93 2769 117 2825 3.
136 2766 278 2837 Iuraret.)
296 2767 455 2835 „Campanas
471 2764 569 2835 bajulae
588 2765 626 2833 (d.
644 2763 668 2816 b.
687 2766 802 2830 tragbare
819 2765 966 2837 Glocben),
981 2767 1087 2820 baculos
1105 2786 1208 2838 quoqne

95 2855 122 2905 in
140 2850 270 2922 superiori
286 2863 359 2920 parte
377 2864 532 2914 cameratos,
550 2868 612 2901 auro
631 2861 656 2900 ct
674 2861 779 2916 argento
795 2851 838 2902 vel
855 2869 913 2904 aere
930 2866 1074 2918 contectos,
1097 2852 1209 2923 aliasque
1234 2846 1240 2856 ’

95 2936 246 3008 hujusmodi
262 2949 407 2987 sanctorum
424 2933 554 3004 reliquias,
572 2933 599 2984 iu
617 2951 707 2998 magna
723 2937 865 2989 reverentia
881 2951 934 2989 tam
948 2937 1088 2990 Hiberniae
1106 2951 1131 2989 et
1145 2938 1211 2991 Sco·

95 3021 163 3084 tiae,
187 3039 264 3091 quam
282 3034 308 3071 et
325 3019 458 3084 Walliae,
481 3017 595 3088 populus
613 3031 639 3068 et
657 3019 740 3071 clerus
761 3021 856 3074 babere
878 3021 976 3086 solent,
999 3021 1064 3072 adeo
1082 3035 1112 3072 ut
1128 3041 1211 3073 sacn-

96 3120 184 3158 menta
201 3124 278 3174 snper
294 3105 356 3155 haec
373 3093 449 3169 longe
466 3100 554 3168 magis,
573 3119 651 3169 quem
668 3121 747 3171 super
757 3103 904 3171 Evangelia,
921 3120 948 3157 et
963 3118 1092 3175 praestare
1105 3122 1210 3156 verean-

96 3205 139 3243 tur
168 3201 194 3241 et
217 3188 362 3259 pejemre.¹⁸
403 3185 501 3238 Girald.
523 3185 625 3238 Cambr.
656 3185 743 3238 itiner.
767 3187 908 3241 Cambriae.
948 3190 977 3240 1..
996 3191 1023 3252 1,
1050 3207 1105 3258 cap.
1122 3187 1149 3242 2.
1176 3215 1209 3229 -

97 3275 122 3330 l·
142 3269 290 3342 Cadoctts.)
305 3271 369 3323 Hier
385 3271 477 3336 langen
493 3269 598 3323 Urber’s
615 3272 731 3335 Ansrdge
748 3270 848 3323 wieder
863 3291 910 3336 an,
926 3292 952 3343 p.
970 3267 1036 3336 l68,
1057 3272 1110 3324 und
1127 3273 1218 3340 geben·

98 3358 139 3410 bia
159 3375 218 3408 num
229 3356 303 3407 Ende
321 3354 366 3406 des
382 3352 459 3424 512.
478 3382 509 3394 -
527 3355 552 3408 5.
572 3353 757 3424 Conpertum.)
775 3355 806 3419 Β,
823 3356 925 3422 Usber;
942 3369 1112 3427 compertum,
1124 3359 1157 3413 Α.
1177 3389 1209 3400 -

97 3443 122 3498 6.
143 3435 410 3509 consumamus.)
427 3439 458 3489 Iu
466 3437 578 3504 gleiober
587 3437 685 3492 Weiss
698 3456 754 3492 war
765 3438 807 3490 ein
817 3439 969 3492 roemische
981 3441 1040 3498 Mn,
1049 3442 1210 3495 aulbewabrt

99 3527 128 3578 in
147 3526 194 3576 der
210 3522 359 3578 Bibliotbeb
376 3523 420 3574 dee
432 3521 532 3592 Corpus
544 3521 764 3586 Christi-Collegii
780 3540 813 3573 ιιι
831 3520 993 3589 Cambridge,
1010 3538 1119 3590 genennt
1135 3526 1210 3589 „The

97 3607 250 3664 Redeunt
272 3609 303 3658 ol
316 3607 405 3677 Darby
427 3605 455 3657 in
474 3606 519 3658 tbo
535 3606 619 3658 Peste
643 3607 674 3657 of
686 3605 873 3678 Derbysttreu,
897 3606 969 3673 lange
986 3607 1046 3660 zett
1067 3609 1095 3660 ἰιι
1107 3611 1211 3684 Darby-

98 3695 169 3747 obire
185 3691 213 3746 in
228 3691 345 3744 solcbem
360 3690 477 3753 Anaebn,
501 3691 558 3742 dass
574 3709 634 3742 man
650 3709 712 3756 gana
729 3691 866 3757 allgemein
882 3691 997 3757 glaubte,
1022 3711 1080 3746 wer
1095 3696 1143 3746 aul
1157 3695 1211 3747 die-

99 3799 156 3833 sem
178 3778 253 3831 Bucb
274 3775 354 3828 felseb
376 3775 509 3838 robertino,
532 3775 623 3827 wiirde
645 3775 813 3840 wahminnig.
847 3775 898 3828 Ein
920 3777 1011 3844 andree
1027 3776 1142 3846 Beispiel
1158 3796 1211 3832 von

99 3865 149 3916 der
171 3859 390 3914 ribematrirlicben
408 3859 483 3912 Krast
503 3857 625 3925 pertimet
640 3857 744 3910 Bucber
763 3859 835 3910 idbrt
856 3858 955 3912 Girald.
974 3860 1148 3924 cambrensis,
1164 3861 1212 3914 lti-

100 3966 184 4000 nerar.
201 3949 230 3998 L.
241 3947 263 4008 1,
282 3964 336 4014 cap.
345 3943 371 4006 2,
388 3961 427 3996 au.
445 3971 479 3984 -
513 3945 537 3997 7.
554 3942 612 3996 Nec
629 3942 821 4013 confirmant.)
838 3944 877 4010 Bt
893 3944 921 3995 ni
938 3945 1111 4008 confirmatur,
1128 3946 1160 3997 Α.
1177 3977 1210 3988 -

100 4031 127 4086 8.
152 4029 247 4084 it‘ntto
274 4055 306 4070 --
332 4027 488 4096 secretum.)
523 4025 654 4080 Habitum
669 4028 785 4079 demum
806 4027 847 4078 rir
870 4026 923 4080 Dei
944 4027 973 4079 in
993 4027 1077 4080 ἰιιιιιιιι
1102 4029 1212 4100 quadam

101 4111 176 4164 llnrii
193 4111 328 4173 sabrinae,
352 4124 391 4175 et,
414 4111 519 4163 fundata
535 4110 572 4162 ibi
594 4110 701 4162 eeclesia
723 4109 752 4161 in
767 4129 834 4179 rupe
856 4112 979 4181 quadam,
1006 4114 1104 4166 orando
1122 4128 1211 4167 noctes

103 4197 215 4250 ducebat
231 4195 375 4262 insomnem
393 4194 484 4264 Caper.
502 4223 534 4238 ι-
568 4193 593 4248 8.
611 4192 671 4262 Et.)
688 4193 720 4245 Id
737 4205 789 4256 est,
804 4194 836 4247 B.
