2825 5009
15 1 21 174 ¹

294 157 762 488 ,wasta
869 243 910 359 r

197 435 291 530 g

609 643 637 726 §-
657 655 704 712 to.

13 833 14 838 η
152 793 156 800 ·
186 761 355 819 Sacerdotes
369 759 457 818 habet
469 757 632 831 Britannia,
651 758 701 816 sed
717 759 743 833 ¹)
763 754 948 837 insipientes;
969 758 1211 838 quamplurimos

13 841 14 844 '
107 849 273 926 ministros,
292 846 385 928 sed²)
405 851 605 931 impudentem
626 849 764 925 clericos,
784 851 835 910 sed
848 852 881 927 ³>
900 856 1034 930 raptores
1054 851 1212 927 subdolos,

107 954 257 1021 pastores,
288 954 321 1002 ut
346 944 498 1019 dicuntur,
526 945 577 1004 sed
607 943 750 1003 occisioni
775 945 935 1003 animarum
965 943 1052 1022 inpos
1083 951 1211 1024 paratos,

12 1058 14 1086 t
109 1037 217 1117 qnippe
238 1055 299 1097 uon
321 1037 475 1097 commoda
490 1035 570 1116 plebi
586 1036 787 1114 providentes,
806 1033 984 1115 sed-proprii
998 1036 1211 1114 plenitudinem

12 1147 13 1166 ³
106 1131 215 1190 ventris
242 1143 430 1210 quaerentem
461 1129 601 1190 ecciesiae
626 1128 730 1187 domm
756 1128 913 1203 babentes,
943 1128 993 1187 sed
1019 1127 1112 1207 turpis
1137 1130 1212 1189 lucri

107 1221 200 1301 gratia
218 1243 268 1283 eas
289 1225 441 1296 adeuntem
461 1223 588 1303 populos
609 1222 766 1296 docentes,
785 1221 836 1281 sed
856 1220 1028 1298 praebendo
1037 1222 1072 1297 ⁴)
1088 1222 1212 1300 pessima

108 1315 250 1395 exempla,
270 1316 349 1390 vitia,
368 1315 521 1394 malosque
535 1335 647 1386 morem
665 1335 734 1374 raro
746 1315 777 1388 ⁸)
796 1313 1003 1386 sacrificantes,
1018 1322 1049 1370 ct
1060 1332 1212 1394 nunqnam

106 1423 183 1484 puro
204 1408 294 1468 corde
315 1410 393 1468 inter
413 1409 513 1468 altaria
533 1420 655 1479 stantes;
681 1406 797 1486 plebem
824 1403 864 1464 ob
889 1415 1009 1484 peecata
1034 1425 1099 1464 non
1118 1405 1217 1497 corri-¹

105 1498 237 1576 pientes,
262 1501 398 1562 nimirum
424 1504 525 1563 eadem
551 1509 685 1582 agentem
711 1509 870 1578 praecepta
891 1497 1003 1557 Christi
1027 1510 1231 1579 spernentes„

107 1601 138 1648 et
163 1609 227 1650 suas
251 1590 388 1655 libidines
413 1596 488 1656 votis
513 1592 648 1654 omnibus
679 1592 803 1670 implere
828 1601 976 1662 curantem
1004 1591 1104 1651 sede·
1128 1590 1213 1652 Petri

10 1699 12 1762 j
105 1683 234 1760 apostoli
254 1685 410 1747 immundis
430 1687 597 1766 pedibus⁶)
623 1695 814 1765 usurpantes,
837 1683 889 1743 sed
914 1683 1021 1744 merito
1046 1684 1212 1764 cupiditatis

10 1765 11 1820 3
100 1775 253 1838 'indudae
274 1779 422 1839 traditoris
447 1779 633 1859 pestilentum
659 1779 825 1838 cathedram
851 1777 1076 1854 decidentes⁷);
1102 1776 1212 1838 verita-

104 1877 165 1926 tem
186 1888 241 1950 pro
261 1871 381 1931 inimico
403 1873 551 1946 odientes,
577 1883 607 1932 et
631 1871 791 1932 mendaciis
817 1870 887 1930 acsi
900 1869 1053 1930 carissimis
1073 1865 1211 1958 fratribus
1287 1892 1290 1897 ·

10 1995 11 2008 κ
104 1959 250 2038 faventem
282 1964 374 2040 justos
394 1965 508 2046 inopes
539 1965 679 2023 immanes
710 1964 790 2042 quasi
821 1981 931 2042 angues
960 1962 1053 2025 torris
1081 1962 1210 2024 vultibus

9 2123 10 2130 ἵ
104 2053 324 2133 conspicantes,
351 2069 380 2116 et
406 2057 563 2116 sceleratos
589 2055 692 2116 divites
721 2057 828 2134 absque
855 2055 915 2115 ullo
942 2056 1137 2118 verecundiae
1162 2072 1211 2117 re·

103 2157 206 2223 spectu
225 2146 300 2207 sieut
325 2149 469 2210 coelestes
495 2148 617 2229 angelos
643 2159 831 2226 verterantes3
864 2149 966 2229 egenis
993 2149 1211 2231 eleemosynam

104 2257 167 2298 esse
188 2238 312 2301 dandam
333 2241 449 2301 summis
471 2263 486 2301 e
507 2241 591 2301 labiis
610 2241 824 2319 praedicantes,
843 2240 894 2300 sed
907 2240 963 2320 ipsi
977 2241 1067 2320 vate)
1085 2240 1209 2302 obolum

102 2349 167 2389 non
195 2333 310 2409 dantes3
340 2334 467 2394 nefanda
493 2333 597 2414 popuii
622 2331 734 2393 scelera
763 2343 910 2407 tacentes,
941 2343 972 2392 et
1002 2355 1067 2394 saras
1089 2335 1211 2413 injurias

104 2424 187 2502 quasi
201 2423 334 2488 ,Christo
361 2428 504 2512 irrogatas
532 2425 759 2506 anapliftcantes3
788 2425 956 2507 religiosam
983 2428 1063 2485 forte
1086 2440 1210 2488 matrem

8 2545 9 2552 κ
104 2535 156 2576 sen
176 2531 295 2590 sorores
320 2520 409 2580 domo
436 2520 594 2598 pellentes,
621 2531 651 2578 et
677 2531 810 2578 externas
830 2517 921 2578 veluti
945 2514 1100 2578 secretiori
1120 2520 1211 2578 mini-

104 2610 195 2668 sterio
210 2610 365 2672 familiares
385 2613 558 2672 indecenter
578 2612 762 2688 terrorest),
782 2611 828 2670 vel
848 2611 958 2689 potius,
978 2622 1010 2669 ut
1023 2627 1094 2671 vcra
1106 2612 1210 2687 dicam,

8 2713 9 2716 ’
106 2699 176 2761 licet
188 2702 286 2782 inepta
299 2722 359 2764 non
373 2712 430 2764 tam
448 2705 517 2764 mihi
531 2725 616 2784 quant
638 2707 705 2764 talia
718 2703 883 2784 agentibus,
895 2705 1093 2776 humiliantes;
1113 2706 1210 2765 eccle-

105 2794 237 2856 siasticos
254 2809 322 2876 post
342 2797 414 2856 hacc
434 2799 540 2878 gradus
559 2798 735 2878 'propensius
755 2817 840 2876 quarn
861 2813 954 2877 regna
975 2798 1126 2857 coelorum
1147 2818 1209 2858 am-

104 2885 236 2965 bientes,
263 2901 293 2948 ct
311 2890 467 2969 tyrannico
492 2893 550 2951 ritu
576 2892 776 2971 acceptos¹⁰)
797 2889 1004 2966 defendentes,
1029 2910 1086 2950 uec
1109 2903 1209 2963 tamea

105 2977 243 3059 legitimis
269 2982 401 3042 moribus
425 2982 617 3058 illustrantes;
649 2985 684 3042 ad
711 2993 870 3063 praecepta
894 2991 1079 3059 sanctorum,
1106 2984 1131 3044 si
1156 2985 1209 3043 ali-

105 3073 224 3148 quando
255 3071 393 3133 duntaxat
422 3075 585 3151 audierint,
616 3092 690 3154 quiae
718 3075 756 3134 ab
785 3075 843 3134 illis
870 3077 1037 3154 saepissime
1064 3077 1209 3136 audienda

105 3174 204 3237 erant,
230 3164 388 3225 oscitantes
409 3183 442 3226 ac
462 3167 595 3246 stupidos
616 3175 645 3225 et
666 3168 701 3225 ad
722 3167 832 3227 ludicra
853 3177 883 3226 et
900 3167 1016 3247 ineptas
1036 3168 1209 3230 secularium

103 3255 255 3315 bominum
282 3254 411 3334 fabulas,
434 3259 511 3318 acsi
536 3259 592 3317 iter
611 3258 747 3336 viae¹¹)‚
773 3258 847 3339 quae
873 3255 975 3319 mortis
1002 3260 1208 3339 pandunt¹²),

103 3359 239 3409 araneos
252 3359 282 3409 et
293 3349 438 3424 intentos3
450 3349 635 3430 pinguedinis
647 3350 751 3431 gratia,
761 3361 914 3412 taurorum
924 3373 1018 3429 more,
1030 3373 1133 3413 raucos
1145 3356 1208 3430 Η),

103 3450 135 3499 et
154 3442 191 3500 ad
210 3441 312 3503 illicita
333 3443 490 3503 infeliciter
510 3452 659 3520 promtum
678 3442 774 3502 vultus
795 3458 971 3524 arroganter
991 3445 1021 3504 in
1043 3445 1132 3505 altum
1153 3444 1207 3506 be-

103 3533 223 3610 bcntes,
244 3547 288 3610 ct,
309 3547 408 3596 sensus
428 3533 608 3596 conscientia
629 3534 830 3611 remordente,
850 3535 886 3595 ad
906 3531 964 3596 ima
984 3538 1032 3598 rel
1052 3535 1208 3597 Tartarum

125 495 167 592 a

174 3784 196 3838 1.
215 3783 289 3855 Sed.)
308 3776 359 3840 seu
377 3783 525 3851 nonnullos,
535 3789 572 3840 'V.
592 3819 624 3830 -
647 3771 678 3843 ’2.
695 3784 771 3857 Sed)
789 3787 842 3840 set
859 3786 965 3855 multos,
982 3787 1012 3843 V.
1031 3819 1062 3832 -
1091 3789 1115 3846 3.
1132 3788 1209 3862 Sed.)

103 3861 159 3920 Sed
171 3871 302 3937 quosdam,
314 3872 344 3923 V.
355 3901 386 3912 -·
405 3871 429 3925 4.
448 3861 633 3943 Pt'ttebettdo.)
650 3872 951 3937 Praebendtt'iutcrdunt,
963 3872 995 3928 V.
1009 3896 1040 3914 -s-
1062 3873 1086 3926 5.
1104 3871 1208 3942 tarra)

106 3951 145 4002 Ac
161 3965 219 4002 raro
237 3948 350 4024 parmi.
371 3987 400 3997 -
424 3955 448 4009 6.
466 3949 605 4026 Pedibut.)
624 3948 740 4009 Pedibus
755 3953 863 4028 aliquos,
874 3959 905 4008 V.
924 3984 955 3999 -·-
969 3955 1002 4011 ’7.
1020 3953 1208 4027 Deu‘drater.)

77 4107 80 4114 Ι
105 4033 270 4100 Desidentes,
288 4039 318 4091 V.
338 4068 368 4078 -
403 4037 427 4091 8.
446 4037 502 4093 Sed
517 4042 572 4110 opst
587 4039 649 4109 uel.)
671 4041 726 4092 Nec
744 4036 795 4110 ipsi
809 4056 871 4105 nec,
888 4041 919 4093 B.
937 4074 971 4087 -
1004 4036 1037 4094 b:
1048 4037 1209 4112 Lerootet.)

104 4121 261 4186 Lertgamea
279 4121 313 4186 B;
332 4121 494 4192 accipientes,
511 4119 542 4176 V.
563 4157 592 4164 -
629 4124 668 4177 10.
686 4125 841 4194 deceptos.)
858 4123 983 4193 Accepto,
1001 4120 1033 4174 B.
1054 4155 1084 4166 -
1120 4120 1160 4180 li.
1177 4123 1212 4178 St’

8 4205 9 4210 ’
104 4205 163 4255 r'ter
179 4206 254 4266 uiue,
272 4207 363 4276 qrtae.)
386 4207 414 4258 Si
438 4207 505 4280 inter
522 4207 653 4276 vitaeque,
675 4207 706 4263 B.
724 4237 757 4247 -
793 4207 835 4262 tt.
853 4207 912 4260 Iter
925 4213 961 4254 ¹..
978 4205 1135 4277 pandisset.)
1156 4209 1208 4257 tter

105 4287 173 4342 vitae
191 4289 330 4360 mortisque
348 4291 469 4358 pandant,
486 4289 517 4345 V.
537 4322 567 4332 -
596 4291 636 4346 13.
654 4291 740 4356 More,
758 4293 878 4360 raucos.)
897 4292 933 4356 V;
951 4311 1020 4342 mere
1038 4299 1141 4360 paticus,
1159 4289 1190 4341 B.

937 4378 1009 4438 11*
