2825 5009
1128 326 1194 396 tta.

1034 515 1038 522 .
1096 494 1172 559 ‘A'

1225 502 1353 594 bna-«-

18 633 19 640 ¹
164 660 256 740 Cujus
275 673 334 722 tam
353 661 476 724 nefandi
490 660 596 742 piaculi
610 681 674 722 non
694 660 702 675 '
725 681 811 721 uarm
831 674 875 723 est
888 663 1053 727 immundae
1067 666 1112 728 lea
1153 689 1188 731 ae
1288 732 1292 743 ,,

18 803 19 838 3
84 752 274 852 llfflnniae
286 753 455 845 tqranuicus
470 755 582 828 catulus
597 680 1203 864 §ww
1219 790 1221 793 ·

74 827 230 906 ”horribile
253 857 464 908 sacramentum
487 847 659 924 juramenti,
691 867 751 925 quo
777 867 808 906 se
854 860 978 925 evrnxtt,
1002 871 1188 932 nequaquam

86 937 171 997 dolos
192 939 317 1014 civibus,
341 940 408 999 Deo
430 940 555 1020 primum
574 939 697 1018 jureque
717 939 860 1017 jurando,
885 953 1051 1002 sanctorum
1072 947 1188 1008 demum

85 1028 183 1090 choris
204 1031 234 1092 ct
257 1033 401 1114 genitrice
427 1032 633 1092 comitantibus
660 1031 799 1115 fretis³),
825 1032 986 1109 iacturum,
1010 1035 1041 1094 in
1068 1039 1188 1100 duarum

18 1197 19 1204 ἵ
84 1125 259 1186 venerandis
284 1137 407 1187 matrum
434 1125 560 1199 sinibus,
585 1124 727 1184 ecclesiae
752 1123 1000 1205 carnalisque⁴)„
1018 1130 1078 1189 suh·
1096 1133 1189 1190 sancti

18 1229 19 1304 q
84 1214 199 1276 abbatis
219 1219 442 1298 amphibalo⁸),
469 1218 558 1277 latera
579 1217 771 1298 regiorumss)
795 1218 953 1292 tenerrima
979 1224 1189 1299 puerorum'),

18 1307 19 1336 ³
83 1307 132 1366 vel
153 1311 503 1387 praecordiacrudelitcr
522 1313 621 1384 duum,
640 1311 824 1389 totidemque
844 1310 1035 1389 nutritorum,
1054 1335 1189 1392 -1quo-

18 1435 20 1488 q
83 1405 191 1478 rum⁸)
225 1401 343 1464 brachia
369 1423 553 1482 nequaquam
579 1404 678 1477 armis,
709 1424 784 1482 quae
810 1403 907 1462 nullus
932 1398 1010 1481 irene
1036 1406 1188 1486 hominum

18 1489 19 1558 l
83 1493 191 1572 lortius
217 1496 274 1558 hoc
299 1495 340 1556 eis
365 1507 500 1575 tempore
524 1497 682 1571 tractabat,
706 1497 758 1556 sed
777 1497 845 1558 Deo
870 1495 1013 1576 altarique
1039 1508 1189 1576 protenta,

83 1587 115 1644 in
137 1587 184 1646 die
203 1588 307 1666 judicii
324 1591 360 1650 ad
379 1601 447 1648 tuae
467 1588 590 1650 civitatis
605 1601 716 1668 portas,
736 1589 866 1663 Christe,
885 1587 1051 1649 veneranda
1071 1589 1195 1667 patiar·-

18 1675 19 1748 J
83 1679 143 1740 tiae
163 1701 197 1741 ac
217 1681 285 1742 fidei
305 1703 374 1743 suae
393 1682 497 1744 vexilla
517 1682 708 1760 suspendent,
722 1718 758 1734 -
771 1682 850 1743 inter
863 1681 936 1762 ipsa,
955 1694 988 1742 ut
1002 1681 1069 1756 dixi,
1087 1703 1187 1743 sacro-

18 1767 19 1772 '
83 1783 185 1832 sancta
205 1773 306 1836 altaria
321 1776 450 1836 nefando
465 1795 535 1836 ense
554 1774 692 1853 hastaque
706 1795 762 1854 pro
777 1774 913 1836 dentibus
925 1775 956 1852 ⁹)
976 1775 1115 1835 lacerarit
1126 1779 1135 1814 ¹
1145 1777 1187 1852 ⁰),

18 1891 19 1934 t
83 1865 125 1924 ita
146 1877 179 1925 ut
197 1867 330 1928 sacrificii
351 1867 485 1928 coelestis
505 1867 604 1928 sedem
625 1887 772 1948 purpurea
798 1889 832 1928 ac
856 1867 880 1926 si
906 1866 1053 1947 coagulati
1074 1867 1188 1928 cruoris
1240 1896 1243 1899 ¹

18 1939 20 1994 l
83 1943 173 2034 pallia
193 1959 437 2042 attingerent¹¹).
476 1961 516 2020 Et
540 1961 597 2021 hoc
621 1981 659 2020 ne
685 1972 753 2038 post
778 1959 921 2020 laudanda
945 1959 1062 2037 quidem
1083 1959 1187 2018 merita

18 2103 19 2106 ,
84 2047 160 2129 egit3
181 2070 248 2110 nam
267 2051 365 2111 multis
385 2064 452 2112 aute
473 2053 556 2112 annis
576 2052 687 2112 crebris
702 2051 911 2129 alternatisque
925 2047 1090 2110 foetoribus
1104 2051 1188 2110 adul·
1282 2114 1284 2123 ,

18 2205 19 2216 χ
83 2139 229 2202 teriorum
246 2145 353 2218 victus,
373 2143 502 2226 legitima
523 2164 614 2204 uxore
639 2155 742 2206 contra
763 2143 874 2205 Christi
893 2141 1084 2222 Magistrique
1111 2163 1187 2224 gen-

81 2235 155 2292 tium
176 2235 361 2296 interdictum
382 2237 517 2316 depulsa,
543 2235 780 2315 dicendumst),
806 2234 898 2309 Quod
917 2234 999 2294 Deus
1025 2236 1187 2312 conjunxit,

18 2337 20 2394 ,
83 2325 174 2386 homo
195 2347 257 2387 non
278 2342 409 2409 separet,
436 2341 482 2404 et,
506 2330 585 2404 Viri,
612 2328 727 2409 diligite
751 2345 855 2388 uxores
875 2339 993 2387 vestras.
1031 2327 1187 2397 Amarissi-

18 2493 20 2508 .
82 2422 225 2496 mum¹³)
253 2422 329 2482 euim
356 2422 502 2502 quoddam
528 2422 564 2482 de
589 2422 712 2500 vite²⁴)
737 2421 936 2480 Sodomorum
965 2419 995 2477 in
1021 2420 1118 2478 cordis
1141 2422 1186 2479 sui

18 2565 19 2578 ,
82 2510 264 2574 infructuosa
286 2514 368 2574 hono
388 2514 492 2573 semini
512 2514 609 2594 gleba,
627 2513 811 2574 surculamen
831 2510 1042 2572 incredulitatis
1062 2513 1093 2569 et
1111 2511 1184 2571 insi-

18 2615 20 2702 [
80 2659 283 2674 -....-..

18 2809 19 2838 ,
152 2769 174 2824 1.
194 2770 413 2842 Constantinus.)
439 2773 496 2825 Von
522 2771 576 2824 ihm
599 2771 632 2823 ist
656 2770 742 2837 wenig
767 2772 883 2829 bekannt.
922 2770 974 2822 Die
997 2771 1112 2822 hunalen
1134 2791 1185 2823 von

18 2839 20 2914 l
81 2855 225 2920 Tigernach
244 2855 410 2929 [O’Couuor,
421 2855 515 2925 Script.
528 2857 588 2908 Rer.
599 2853 705 2909 Hibero.
724 2857 759 2917 ll,
777 2853 852 2926 157]
872 2869 957 2908 setaen
975 2855 1018 2906 die
1034 2855 1196 2933 Behehnmgv

80 2941 152 3014 eines
169 2941 292 3007 gewissen
309 2940 460 2994 Konstantia
478 2960 535 2992 aum
553 2940 745 2992 Christenthum
763 2935 805 3009 [in
828 2939 874 2989 der
890 2939 1106 3005 Voraussetaung,
1129 2941 1186 2992 dass

82 3045 109 3074 es
128 3025 175 3076 der
193 3025 249 3077 hier
267 3023 394 3076 erwthnte
411 3023 472 3096 sei]
491 3024 517 3075 in
536 3025 579 3076 d'as
597 3021 659 3076 Jahr
676 3023 740 3085 bffl,
765 3023 819 3073 und
837 3020 879 3071 dle
896 3021 1012 3074 Annalen
1029 3043 1080 3074 von
1097 3023 1185 3075 Ulster

81 3107 202 3158 stimmeu
220 3107 301 3158 damit
318 3104 431 3158 abaretn.
466 3106 493 3158 S.
512 3107 576 3158 auch
594 3109 651 3162 Act.
670 3107 717 3159 SS.
735 3124 814 3158 mens.
831 3105 908 3156 Mart.
926 3107 967 3170 ll,
984 3127 1010 3176 p.
1028 3105 1077 3171 ht;
1093 3106 1185 3170 Usher,

18 3121 21 3314 ,
81 3190 210 3242 Primord.
228 3207 254 3259 p.
266 3188 325 3252 536,
343 3188 408 3252 540;
427 3187 510 3251 Carta,
528 3187 625 3242 Histor.
644 3191 675 3240 ol
688 3189 762 3254 Engl.
780 3190 802 3257 l,
820 3188 879 3244 215.
912 3189 951 3241 Er
966 3191 1034 3243 wird
1051 3192 1115 3242 auch
1132 3209 1185 3243 von

18 3319 19 3338 2
81 3273 217 3326 Gottlried
235 3293 257 3325 r.
276 3271 503 3334 Moumouth'Xl,
521 3271 545 3334 3,
562 3265 588 3336 ll,
606 3272 729 3325 erwahnt.
747 3301 779 3314 -
813 3273 839 3327 2.
857 3274 937 3344 Hoc.)
955 3273 1009 3342 Qui
1026 3268 1085 3337 hoc,
1102 3275 1133 3327 V.
1152 3303 1184 3316 -

18 3387 19 3392 ¹
80 3359 104 3413 3.
123 3357 240 3427 Delta.)
256 3358 337 3410 Fehlt
351 3357 377 3408 iu
395 3357 426 3408 V.
445 3383 476 3396 -·
511 3355 535 3408 1.
554 3353 693 3409 Ecclesiae
712 3356 909 3428 cumulatque.)
931 3357 1113 3429 Ecclesiaeque
1131 3378 1185 3412 car·

79 3442 155 3506 nalis,
172 3443 203 3496 V.
222 3467 254 3480 ···
284 3441 314 3496 5.
326 3438 383 3494 Sub
403 3471 432 3480 -
450 3436 631 3509 amphibalo.)
649 3440 704 3493 Sub
721 3454 809 3492 sancto
826 3441 917 3492 abbate
935 3442 1100 3511 amphibalo,
1109 3443 1184 3502 V.-

79 3523 265 3596 Derlrrthum,
283 3525 329 3574 der
346 3522 401 3574 hier
418 3543 462 3574 aus
481 3523 551 3576 einer
566 3523 680 3576 lalschen
688 3525 792 3575 Leseart
808 3518 963 3588 cassander,
981 3525 1014 3577 ist
1030 3544 1081 3576 ron
1091 3525 1184 3590 Usher,

80 3607 162 3659 Prim.
180 3629 205 3677 p.
224 3607 289 3669 539,
312 3607 464 3672 ausgedecht
481 3610 533 3659 und
555 3607 698 3672 berichtigt.
724 3637 757 3648 -
791 3607 816 3660 6.
835 3606 1011 3680 Regiorum.)
1029 3609 1183 3677 Regionum,

79 3693 111 3746 Β.
130 3723 162 3734 -
190 3693 214 3746 7,
232 3691 407 3758 Puerorum.)
426 3692 452 3742 S.
465 3691 574 3742 dariabcr
585 3691 668 3754 Carta,
685 3691 752 3744 Hira.
763 3691 872 3756 olEngl.
884 3693 905 3754 Ι,
921 3692 985 3759 216;
1002 3694 1183 3759 Usher,Prlm.

79 3796 106 3845 p.
124 3775 183 3830 538.
202 3803 233 3816 -
267 3774 293 3828 8.
312 3775 434 3839 Quarum
452 3803 484 3816 ·-
501 3773 690 3845 suspendant.)
712 3775 790 3828 Fehtt
811 3775 838 3827 in
853 3776 885 3827 V.
908 3805 943 3817 -
976 3776 1001 3829 9.
1018 3778 1075 3830 Pro
1093 3775 1183 3832 denti·-

18 3895 19 3926 ,
80 3858 151 3930 bats.)
169 3858 355 3922 Prodautihua3
382 3857 478 3918 Uther,
500 3859 579 3911 Prim.
597 3879 623 3927 pa
640 3859 698 3916 538.
719 3889 750 3902 ·-
786 3859 827 3914 10.
844 3858 1018 3928 Lamavt't.)
1043 3862 1182 3926 Lacaravit,

79 3963 190 4013 quorum
212 3942 314 3996 brachia
337 3940 400 4014 [etc.
418 3941 470 3994 wia
489 3941 573 4014 oben]
591 3944 759 4012 suspendent,
782 3942 825 4013 qui
848 3941 884 3995 ita
906 3942 1076 3998 sacrificii...
1093 3947 1125 3998 V.
1150 3971 1182 3986 -=·

79 4027 121 4083 11.
143 4015 348 4096 sinagonus.)
372 4027 514 4089 tamma,
538 4027 569 4078 v.
598 4017 629 4068 '-
665 4026 705 4082 12.
730 4026 912 4094 manaan.)
942 4026 1034 4078 Maio.
1052 4029 1129 4092 mx,
1150 4030 1183 4096 s,

79 4109 173 4178 Ephas.
184 4110 218 4172 V,
233 4110 274 4164 25.
293 4139 325 4150 —-·
344 4109 383 4164 13.
401 4110 634 4179 Amarissimam.)
653 4109 825 4172 amarissima,
836 4112 866 4163 V.
890 4110 982 4172 Uaher,
999 4111 1077 4165 Prim.
1089 4112 1182 4180 pata.

82 4223 114 4233 -
134 4193 174 4246 111.
199 4192 279 4263 Vt'te.)
298 4193 396 4257 Usher,
414 4193 494 4244 Prim.
513 4194 591 4260 ibid.;
609 4193 690 4258 vitae,
707 4195 782 4257 ΕΜ.
