2825 5009
126 355 140 382 ⁹
233 361 276 428 aa
328 345 331 350 ’

311 515 365 581 ΙΧ.
403 513 554 588 Quamdiu
566 512 710 574 Hibernia
730 512 926 574 inhabitabilis
946 510 1011 588 luit,
1031 525 1062 574 et
1081 512 1118 573 de
1137 513 1265 592 quodam
1285 530 1349 572 no-

235 609 289 670 bili
308 607 417 690 Scytha
442 626 555 688 genero
576 605 755 681 Pharaonis,
781 626 885 685 quem,
908 625 980 688 rege
1005 605 1157 676 submerso
1184 627 1250 666 cum
1275 605 1350 677 suis,

233 701 376 783 Aegyptii
389 699 576 780 expulerunt3
592 700 743 779 quomodo
757 698 975 781 peregrinando
986 710 1106 781 vagatus
1119 699 1167 774 sit,
1179 709 1210 758 et
1224 697 1349 778 qnando

233 794 408 856 Hiberniam
428 791 588 873 appulerit3
610 803 640 851 et
659 804 734 873 quot
752 812 847 853 annos
860 791 998 871 Tribuni,
1011 793 1190 870 Dictatores,
1209 811 1243 851 ac
1258 788 1349 851 Con-

234 887 310 949 sules
330 867 553 980 Rempublicam
573 884 777 949 obtinuerunt.

311 982 348 1046 Χ
377 967 457 1054 Qua
483 991 578 1042 aetate
602 979 742 1040 Britones
766 992 912 1041 venerunt
940 980 975 1039 ad
1000 977 1199 1052 Britanniam,
1231 987 1261 1035 et
1288 995 1351 1055 qua
1408 999 1410 1103 p

236 1074 366 1149 Scitbae,
385 1073 431 1153 (id
446 1085 500 1149 est,
519 1072 633 1152 Scotti)
647 1071 698 1155 qui
712 1092 791 1131 nunc
805 1071 941 1132 dicuntur
954 1071 1165 1146 Ilibernensea,
1184 1071 1221 1130 ad
1233 1067 1350 1129 Hiber·
1408 1118 1409 1153 3

234 1169 328 1244 niam;
355 1179 386 1227 et
411 1167 563 1245 quomodo
583 1165 722 1226 britones
747 1163 873 1226 aPictis
898 1176 930 1225 ct
949 1165 1059 1226 Scottis
1083 1163 1246 1245 impugnati
1270 1163 1348 1222 sint:
1408 1168 1409 1223 4

216 1263 295 1339 ‘quo
323 1247 411 1320 etiam
435 1270 571 1339 tempore
591 1258 720 1319 Romani
745 1259 945 1320 monarchiam
973 1259 1075 1320 mundi
1100 1257 1200 1338 adepti
1223 1256 1349 1331 fuerint,

235 1365 266 1414 et
286 1354 458 1414 Scottorum
479 1351 665 1432 peritiam1).

310 1447 364 1509 XI.
403 1446 451 1522 Dc
470 1444 679 1526 supputatione
700 1464 845 1505 annorum
865 1443 1074 1509 incarnationis
1093 1443 1227 1519 Domini,
1245 1443 1348 1502 Patri·

235 1538 287 1614 cii,
318 1537 483 1619 Brigidae,
509 1533 720 1618 Columkillae3
749 1547 779 1597 et
809 1557 868 1616 quo
898 1556 978 1598 anno
1003 1535 1133 1596 Saxones
1162 1536 1349 1597 Britanniam
1409 1600 1410 1621 ,

233 1630 377 1694 venerint.
1409 1628 1410 1637 ’

309 1722 379 1786 XII
418 1722 508 1784 atiud
535 1723 771 1803 experimentum
794 1722 831 1783 dc
857 1733 925 1786 ortu
948 1701 1105 1790 Britooum
1129 1724 1349 1805 indigenarum,

129 1881 134 1885 ,
233 1813 443 1880 traditionibus
460 1817 629 1892 seniorum,
654 1827 684 1876 et
710 1836 746 1876 ex
765 1815 913 1879 veteribus
938 1816 1018 1880 libris
1036 1828 1168 1880 veterum
1186 1816 1349 1882 Batonem

232 1907 401 1987 inventum;
427 1911 578 1988 quomodo
598 1922 658 1970 tres
677 1908 733 1968 filli
751 1910 820 1971 Noe
840 1908 1002 1971 diviserunt
1025 1911 1131 1972 orbem
1149 1922 1295 2023 terrarum
1313 1911 1348 1970 in

233 2011 292 2060 tres
312 2012 410 2079 partes
430 2014 500 2081 post
518 2002 679 2064 Diluvium.

309 2092 394 2155 XIII.
427 2094 475 2156 De
496 2094 652 2158 nobilitate
666 2092 832 2167 Britonum,
853 2107 884 2154 et
903 2097 985 2176 quod
1002 2096 1048 2159 itti
1062 2098 1100 2156 dc
1112 2097 1350 2178 genereJapbct

234 2185 440 2246 descenderint
460 2209 476 2249 a
497 2189 625 2268 quodam
638 2186 758 2262 Alanio,
777 2188 858 2267 cujus
872 2189 1080 2273 genealogiam
1092 2211 1186 2271 usque
1199 2191 1237 2252 ad
1248 2190 1348 2252 Adam

232 2278 448 2356 protoplastum
469 2283 557 2342 ducit.
1411 2334 1412 2361 ,

309 2372 391 2432 XIV.
432 2373 595 2447 Quomodo
625 2374 722 2437 Julius
748 2372 858 2437 Caesar
889 2375 938 2438 bis.
964 2397 982 2438 a
1010 2375 1185 2445 britonibus
1210 2375 1349 2454 repulsus
1411 2380 1412 2395 ³

138 2465 148 2482 “
233 2464 285 2540 sit,
317 2475 347 2524 et
370 2468 522 2553 quomodo
547 2467 593 2529 bis
613 2467 705 2532 victus
732 2469 770 2531 de
788 2467 943 2534 Britannia
966 2470 1031 2532 sinc
1049 2490 1122 2550 pace
1150 2479 1180 2530 et
1199 2488 1292 2530 censu
1315 2469 1351 2528 in

232 2555 332 2638 fugam
352 2559 449 2620 rediit.
1047 2570 1064 2602 θ

307 2650 372 2710 XV
414 2651 552 2724 Qualiter
571 2655 680 2731 tertio,
699 2653 842 2735 superatis
861 2639 1195 2730 Baitonibm,dnsulam
1215 2676 1350 2736 occupa·

231 2741 284 2817 vit,
302 2741 501 2821 britonesque
520 2743 577 2804 sibi
597 2746 766 2830 subjugarit
785 2759 817 2808 et
835 2747 902 2811 illos
924 2745 1097 2811 tributarios
1109 2747 1190 2822 fecit,
1209 2767 1351 2862 censum-

233 2852 290 2911 que
309 2834 435 2897 reddere
454 2835 563 2914 coegit

307 2927 391 2996 XVI,
432 2925 553 3002 Quod
544 2947 576 2984 ιιι
595 2927 743 2992 bonorem
762 2932 904 2996 victoriae
923 2932 1014 3007 Iulii,
1037 2933 1145 2994 mensis
1163 2934 1275 3010 Julius,
1297 2934 1351 3014 qui

232 3029 264 3079 et
284 3018 436 3094 QuIntilis,
457 3018 607 3088 dedicatus
627 3021 674 3084 sit.

307 3111 407 3176 XVII.
448 3111 541 3185 Quod
574 3110 715 3175 Claudius
743 3115 913 3196 Imperator
939 3135 1007 3178 cum
1037 3137 1148 3198 magno
1176 3118 1281 3184 labore
1315 3129 1352 3178 et

232 3206 412 3268 detrimento
432 3205 562 3268 seeundo
583 3217 653 3282 post
671 3205 784 3269 Julinm
797 3209 936 3274 Britoaes
955 3209 1036 3287 vicit,
1056 3223 1087 3273 et
1106 3231 1199 3292 usque
1211 3210 1350 3274 Orcades

230 3308 325 3359 totam
344 3297 470 3368 insulam
488 3295 620 3368 obsedita
640 3299 740 3362 stubi
760 3301 879 3364 obierit.

184 3455 187 3464 Δ
306 3389 422 3448 XVIII.
462 3388 585 3466 Quanto
611 3400 748 3470 tempore
773 3393 810 3454 ab
836 3393 1042 3459 incarnatione
1061 3397 1185 3461 Domini
1204 3398 1349 3460 Britoncs

230 3481 318 3545 fidem
339 3479 448 3544 Cbristi
467 3494 669 3561 susceperuut.

304 3574 384 3637 XIX.
426 3574 563 3649 Qualiter
582 3575 710 3640 Severus
728 3575 897 3656 Imperator
920 3583 1025 3647 tertius
1048 3604 1166 3646 murum
1188 3594 1269 3645 tram
1296 3587 1349 3645 iu-

229 3666 322 3730 aulam
340 3667 380 3736 ob
405 3667 604 3734 incursionem
624 3668 776 3730 Pictorum
797 3672 1030 3756 scottorumque
1055 3676 1154 3739 lacere
1180 3678 1351 3756 praecepit,

229 3771 260 3822 et
278 3759 346 3822 illos
367 3781 383 3820 a
402 3757 575 3825 Britonibus
596 3759 706 3835 divisit,
727 3774 758 3824 et
776 3763 828 3827 ubi
843 3778 953 3844 postea
973 3780 1132 3850 peremtus.

305 3852 370 3918 XX
403 3849 574 3924 Quomodo
596 3851 733 3917 Garutius
752 3857 921 3937 Imperator
941 3861 1104 3923 vindicatus
1129 3861 1168 3920 rit
1187 3862 1350 3942 Severum,

227 3945 345 4006 satiatus
374 3942 530 4024 sanguine
549 3945 722 4025 britonum,
751 3960 782 4008 et
808 3949 863 4011 ubi
893 3951 1041 4015 fornicem
1071 3953 1326 4034 triumphalem'
1311 3977 1350 4018 m

220 4035 399 4098 memoriam
418 4056 488 4097 suae
507 4035 649 4101 victoriae
669 4041 838 4106 construxit
954 4042 957 4053 '

295 4227 325 4299 1)
341 4229 380 4282 Ex
395 4229 545 4284 Scottorum
560 4231 672 4304 peritia?
