2825 5009
197 333 246 404 88

236 489 472 572 Cair-Segeint,
497 489 589 550 relert
608 487 728 564 Niniue,
753 499 784 548 et
802 489 933 567 litterae,
951 489 1063 572 inquit,
1089 510 1164 571 quae
1184 493 1315 554 suntin

112 651 115 656 ,
237 583 334 663 lapide
353 584 459 645 tumuli
484 585 564 664 ejus,
583 583 758 658 ostendunt,
778 593 814 643 et
833 583 982 663 antiquam
1001 582 1117 644 Urbem
1138 582 1322 647 Constantii

237 676 445 755 Imperatoris,
465 676 518 735 filii
540 674 730 737 Constantini
749 676 867 758 Magni,
892 676 924 735 in
943 676 1073 740 devonia
1094 677 1223 738 collocat
1242 679 1323 738 Bri-

238 770 372 831 tannicus
392 770 519 850 scriptor
538 770 615 833 vitae
636 767 778 845 Grulfini,
797 769 850 828 filii
872 768 1001 843 Conani,
1021 769 1206 832 venedotiae
1226 773 1323 851 prin-

241 863 324 943 cipis,
344 883 518 944 quamquam
538 866 575 928 A.
594 863 633 924 D.
653 867 731 930 1283
749 862 828 942 apud
849 860 1074 924 Caes-Nomou
1093 883 1189 945 prope
1209 864 1324 925 Snou-

127 1035 128 1042 ¹
239 957 361 1032 dunam,
393 974 500 1035 corpus
530 955 646 1016 maximi
675 954 832 1035 principis,
863 956 955 1036 patris
984 955 1176 1036 Imperatoris
1201 956 1323 1020 nobilis

241 1044 448 1126 Constantini,
468 1049 555 1114 fuisse
574 1049 743 1123 inventum,
768 1059 798 1108 et
816 1048 900 1130 Rege
919 1049 1079 1111 Edovardo
1093 1049 1118 1109 1.
1137 1047 1265 1128 jubente
1283 1049 1324 1108 in

238 1141 370 1204 Ecclesia
396 1143 559 1204 honorifice
584 1141 776 1216 collocatum,
805 1140 957 1202 Mathaeus
981 1140 1324 1204 Westmonasteriensis

129 1224 134 1234 ’
239 1245 348 1299 narrat.
387 1236 431 1295 Ut
460 1237 497 1296 ad
523 1232 748 1311 Constantium,
778 1233 969 1296 Constantini
993 1235 1033 1294 Μ.
1060 1246 1190 1316 patrem,
1218 1253 1322 1312 quem

213 1329 214 1332 ’
237 1329 369 1389 Eboraci
387 1328 420 1388 in
440 1329 602 1403 Britannia,
622 1327 720 1408 potius
741 1347 827 1407 quam
848 1327 886 1386 ad
901 1327 1108 1389 Constantium
1120 1326 1324 1388 Constantini

238 1419 340 1497 filium,
361 1441 448 1500 quem
468 1420 673 1502 Mopsocrenis
693 1420 741 1482 vel
760 1419 960 1499 Mopsuestiae
984 1420 1017 1480 in
1036 1419 1143 1502 Cilicia
1161 1429 1323 1479 mortuum

241 1534 303 1574 esse
323 1513 461 1596 leginaus,
480 1511 636 1574 referenda
655 1514 709 1575 ista
728 1514 892 1575 videantur.
930 1513 1008 1573 Vide
1028 1533 1066 1573 an
1085 1533 1149 1574 non
1167 1513 1205 1572 ad
1225 1512 1323 1574 Con-

234 1607 400 1668 stantinum
430 1619 587 1687 tyrannum
614 1627 649 1668 ex
675 1604 800 1669 Cambd.
824 1611 947 1685 p.195,
971 1606 990 1666 l.
1009 1610 1063 1682 28,
1092 1628 1118 1669 c.
1137 1603 1165 1686 §.
1181 1604 1264 1679 XIX.
1291 1607 1325 1666 is

239 1718 310 1762 vero
330 1720 398 1761 ann.
417 1706 475 1766 407
495 1699 527 1759 in
547 1698 763 1782 Caer-Segent
781 1699 944 1778 imperator
963 1699 1142 1779 appellatus,
1161 1699 1193 1758 in
1211 1698 1323 1760 Gallia

238 1797 317 1873 (non
336 1793 505 1872 Britannia)
525 1813 592 1856 ann.
612 1798 668 1860 1111
690 1813 790 1854 caesus
811 1804 863 1853 est

201 1920 287 1980 VIII.
328 1925 580 1984 Geir-Coraletae.
619 1920 713 1980 Henr.
739 1917 1014 2000 lluntingdoniensi
1041 1907 1324 1980 Geir-C‘ucerat

239 2033 396 2093 perperam
417 2013 573 2092 appellata.
611 2001 897 2094 'Cair-,Car'adox
917 2023 1012 2071 autem
1031 2011 1063 2069 in
1082 2010 1222 2090 salopiae
1242 2011 1322 2071 lini-

239 2106 294 2166 bus
314 2105 391 2167 inter
404 2107 579 2168 Themidcm
600 2105 675 2185 (sive
688 2104 851 2182 Temdum)
871 2102 1066 2165 etColunum
1086 2103 1207 2165 fluvium
1225 2103 1323 2164 sitam

240 2198 343 2274 fuisse,
370 2199 501 2263 ostendit
522 2200 553 2258 in
578 2201 759 2283 Fragmento
779 2197 967 2257 Britannicae
981 2196 1197 2277 descriptionis
1215 2196 1322 2258 Hum-

240 2293 340 2352 lredus
360 2291 512 2374 Lhuydns.·
550 2291 700 2352 Galsridus
720 2290 974 2351 Monemutbensis
1000 2303 1031 2351 et
1056 2288 1212 2353 Glossator
1229 2290 1323 2353 Ninii

116 2413 126 2421 -
242 2385 497 2445 Salesburium
517 2385 759 2466 interpretantur.

202 2513 259 2576 IX.
296 2515 379 2574 Oolr·
384 2516 501 2586 Gracci,
520 2512 558 2572 al.
581 2512 708 2586 Gracc,
698 2534 718 2573 ι
738 2531 764 2570 e.
785 2509 1103 2589 Granteceastria,
1123 2531 1198 2593 quae
1219 2514 1321 2578 modo

242 2591 348 2665 dicitur
368 2593 631 2686 Cantabrigia‚
651 2603 796 2683 inquitH.
808 2601 985 2685 Huntingd,
1004 2605 1080 2665 Hist.
1100 2605 1170 2669 LI.
1191 2607 1324 2670 nomine

240 2698 378 2757 nimirum
399 2718 415 2758 a
435 2699 550 2758 Granta
570 2698 677 2772 ducto,
697 2715 786 2776 quem
805 2696 882 2757 idem
902 2696 980 2756 libro
1000 2696 1037 2757 V.
1057 2699 1178 2762 fluvium
1199 2701 1322 2766 Canta-

240 2788 354 2871 brigiae
375 2791 512 2870 appellat.
550 2788 621 2868 Ejus
642 2789 817 2851 Guilielmus
843 2793 880 2852 dc
899 2791 1044 2872 Ramseye
1063 2791 1163 2854 Abbas
1183 2790 1320 2858 Crulan-

164 2942 167 2952 ¹
236 2880 340 2943 'densis
357 2883 390 2946 in
408 2883 466 2945 vita
486 2882 644 2958 Guthlaci,
663 2883 704 2942 ita
724 2884 871 2944 memInit:
911 2893 918 2904 ⁹

352 2985 428 3060 „Est
446 2985 524 3064 apud
543 2984 726 3067 Angligenas
746 3006 763 3046 a
784 2987 919 3047 Grontae
939 2986 1078 3063 flumine,
1097 2987 1190 3070 longo

355 3077 438 3138 Orbe
457 3071 512 3158 per
532 3077 679 3139 anfractus
699 3091 855 3162 stagnosos
875 3091 906 3141 et
924 3079 1055 3145 flumales
1157 3162 1160 3169 Ι

354 3170 539 3234 Circumfusa
559 3172 671 3252 palus.“

239 3283 373 3342 litante
398 3303 464 3342 eum
492 3281 700 3344 Crulandsnsis
724 3281 902 3361 Monachus,
932 3285 983 3364 qui
1014 3285 1143 3365 ejusdem
1170 3283 1321 3352 Gutblaci
1407 3328 1409 3358 r

240 3376 329 3440 vitam
347 3375 507 3436 Aellwaldi
527 3369 724 3436 Orientalium
741 3375 909 3457 Anglorum
927 3377 1055 3458 Begis'
1044 3400 1124 3457 jussu
1143 3374 1409 3461 descripsit:

205 3495 208 3500 ·
241 3469 353 3547 „Est
340 3491 375 3553 an
395 3459 610 3530 meditullaneis
629 3469 800 3560 Britanniae
823 3470 988 3550 partibus
979 3491 1137 3532 immensae
1158 3475 1321 3581 magnitu-
1407 3522 1409 3525 -

243 3563 318 3622 dinis
337 3547 487 3622 teterrima
507 3563 605 3642 palus,
631 3583 705 3643 quae
726 3584 742 3624 a
763 3559 898 3624 Grontae
917 3563 1090 3654 fluminis
1064 3555 1137 3644 ripis
1155 3565 1320 3646 incipiens,
1407 3596 1409 3641 i

168 3715 172 3728 ,
242 3655 313 3714 haut
332 3655 437 3734 procul
456 3675 473 3713 a
493 3655 628 3731 castello,
653 3648 733 3736 quod
753 3656 855 3718 dicunt
873 3646 995 3717 nomine
1015 3657 1176 3718 Grontae“
1196 3667 1254 3718 etc.
1277 3701 1320 3714 .-

242 3747 304 3806 Ubi
316 3746 498 3808 Saronicus
488 3759 635 3829 interpres
647 3751 758 3810 flumen
769 3750 976 3812 Grantecea
992 3750 1141 3810 castellum
1155 3750 1319 3812 Grante-
1407 3800 1409 3809 ,

154 3839 156 3842 ’
203 3875 208 3900 .-
242 3842 386 3912 ceaster
405 3841 541 3902 reddidit.
581 3842 784 3904 Grantacestir
802 3863 875 3907 vero
899 3864 953 3905 suo
978 3855 1114 3924 tempore
1134 3843 1321 3907 civitatulam
1407 3870 1409 3877 >

243 3934 403 3995 desolatam
427 3934 515 3994 luisse
540 3945 664 3995 testatur
688 3935 786 4012 Beda,
815 3936 850 3995 L.
870 3938 932 4012 IV,
958 3937 1034 3996 Hist
1059 3958 1084 4000 c.
1104 3942 1156 4013 193
1190 3955 1224 3996 cx
1248 3941 1319 4018 ejus

241 4027 334 4088 ruinis
354 4025 517 4088 existimant
535 4027 673 4114 nonnulli
692 4029 816 4090 crevisse
836 4028 1073 4111 Cantabrigiam,
1101 4049 1177 4109 quae
1196 4030 1233 4091 ab
1254 4033 1320 4093 As-

243 4119 321 4180 serio
346 4121 532 4198 Menevensi,
556 4120 650 4183 Fabio
675 4123 868 4184 Ethelwerdo
894 4135 925 4184 et
942 4124 1062 4207 Anglo·
1050 4123 1221 4184 ·Saxonicis
1246 4125 1320 4198 Au-

242 4208 358 4276 nalibus
383 4213 516 4277 Floreat.
536 4215 681 4300 VVIgorn.
705 4217 785 4298 Bog.
805 4217 950 4282 Hovcden
983 4227 1024 4279 et
1038 4215 1143 4278 Mattb.
1165 4215 1319 4298 Florileg.
