2825 5009
1143 379 1206 448 149

85 537 158 597 ueri
178 535 402 610 examinatione,
422 536 652 610 trucidabantur,
672 535 734 594 aliis
755 535 855 595 electis
868 534 1052 596 trucioribus.
1087 535 1120 594 si
1141 537 1206 615 quis

95 651 167 692 vero
193 630 294 689 mitior
314 649 416 688 eorum
436 639 467 688 et
491 627 606 687 veritati
632 629 814 707 aliquatenus
840 628 1027 708 proprior¹)
1044 627 1205 704 videretur,
1251 683 1255 692 .

18 713 19 768 ἓ
93 724 124 782 in
144 722 239 798 bunc,
258 719 429 781 Britanniae
449 720 528 798 quasi
549 720 587 783 in,
600 720 820 794 subversorem,
847 720 978 780 omnium
999 720 1067 779 odia
1086 720 1203 800 telaque

94 816 157 876 sine
177 822 313 896 respectu
332 810 599 891 torquebantur-²),
619 824 651 873 et
670 811 769 872 omnia
783 830 857 892 quae
871 811 1121 891 displicueranti)
1134 814 1201 872 Deo

94 907 364 987 placuerantque⁴)
385 903 500 984 aequali
519 903 620 963 saltem
632 907 663 981 ὕ)
683 904 768 964 lance
786 905 1003 983 pendebantur,
1021 905 1120 964 sinon
1134 923 1203 986 gra-

93 1001 171 1059 tiora
190 997 314 1058 luissent
333 995 530 1077 displicentia,
549 996 589 1055 ita
608 1008 641 1056 ut
660 997 768 1056 merito
782 996 894 1077 patriae
908 997 980 1056 illud
998 982 1224 1077 exemplnm⁶)x

17 1113 18 1122 ¹
94 1089 311 1171 propheticum,
325 1089 405 1168 quod
417 1100 559 1150 veterano
570 1091 602 1166 i)
621 1087 664 1147 illi
677 1088 792 1168 populo
806 1089 1012 1148 denunciatum
1025 1102 1081 1165 est,
1094 1103 1202 1170 potue-

94 1183 174 1261 riu)
193 1183 295 1262 aptari.
334 1181 401 1239 Filii
413 1181 459 1258 ⁹),
479 1179 624 1261 inquiens,
643 1181 706 1241 siue
728 1181 796 1260 lege
815 1180 1011 1259 dereliquistis
1030 1182 1202 1259 Dominum,

16 1279 17 1338 i
95 1286 125 1335 et
145 1276 182 1336 ad
201 1275 273 1335 iram
294 1273 476 1353 provocastis
498 1275 637 1333 Sanctum
657 1273 758 1332 lsrael.
798 1272 881 1345 Quid
905 1274 1000 1334 adbuc
1024 1287 1200 1354 percuncte-

93 1366 166 1428 mini
186 1377 370 1446 apponentes
390 1366 593 1444 iniquitatem?
632 1355 731 1446 Omne
750 1375 840 1445 caput
858 1365 1040 1446 languidum,
1061 1379 1091 1427 et
1111 1389 1201 1428 omne

15 1503 16 1528 ,
93 1479 147 1519 cor
166 1467 315 1518 moerens:
349 1479 364 1518 a
384 1459 482 1539 planta
504 1459 587 1539 pedis
612 1479 704 1538 usque
726 1458 762 1518 ad
781 1459 939 1533 verticem,
965 1480 1026 1520 non
1048 1472 1091 1519 est
1112 1461 1142 1520 in
1163 1482 1201 1520 eo

93 1551 209 1611 sanitas.
247 1549 357 1659 Sicque
378 1551 602 1634 agebantur¹⁰)
624 1562 745 1625 cuncta,
765 1570 840 1628 quae
860 1551 945 1610 saluti
964 1553 1113 1612 contraria
1134 1553 1199 1612 lue-

92 1646 180 1703 rant¹
191 1643 231 1720 ¹),
251 1663 308 1704 acsr
300 1644 396 1704 nihil
410 1644 567 1726 largiretur
580 1644 691 1704 mundo
705 1643 869 1704 medicinae
879 1646 931 1720 ¹²)
951 1665 1053 1705 acero
1067 1645 1198 1707 omnium

92 1723 221 1798 Medico.
253 1738 293 1796 Et
313 1758 373 1797 non
388 1738 481 1796 solum
496 1738 550 1798 hac
562 1741 570 1776 ¹
580 1739 613 1816 8>
633 1737 819 1798 seculares
793 1737 875 1812 vrri,
871 1738 925 1796 scd
944 1749 975 1796 et
988 1738 1052 1816 ipse
1065 1741 1198 1820 grew)

14 1825 16 1912 J
92 1829 216 1891 Domini
242 1829 362 1911 ejusque
387 1840 534 1909 pastores,
562 1829 611 1908 qui
637 1831 774 1938 exemplo
796 1851 858 1890 esse
884 1850 965 1888 ornnr
957 1829 1067 1909 plebi
1087 1831 1198 1890 debue-

93 1925 238 1999 rant¹⁸),
262 1922 405 1984 ebrietate
426 1943 510 2003 quam
532 1922 667 2003 plurimi,
692 1923 774 2002 quasi
793 1923 863 1984 vino
883 1920 1010 1995 madidi,
1035 1910 1198 2002 torpebant

93 2016 227 2091 resoluti,
247 2028 277 2076 et
290 2016 505 2075 animositatum
519 2026 645 2088 tumore,
665 2014 829 2095 jurgiorum
846 2013 1051 2089 contentione,
1072 2014 1198 2076 invidiae

93 2108 247 2189 capacibus
267 2106 398 2188 ungulis,
418 2105 576 2168 indiscreto
597 2105 669 2164 boni
689 2106 816 2185 malique
837 2105 963 2183 judicio,
988 2102 1198 2185 carpebantur3

13 2235 20 2282 ι,
92 2202 133 2260 ita
153 2211 184 2260 ut
204 2201 374 2280 perspicue,
400 2200 474 2260 sicut
494 2210 523 2258 et
544 2193 622 2266 nunc
642 2209 707 2276 est,
730 2197 843 2258 effundi
864 2197 1012 2258 videretur
1033 2201 1196 2260 contemtio

94 2313 183 2373 super
208 2293 374 2372 principes,
401 2303 432 2352 et
449 2292 549 2354 seduci
573 2292 655 2352 vanis
680 2311 783 2352 eorum
808 2301 839 2350 et
865 2310 985 2367 errore,
1014 2291 1045 2350 in
1065 2292 1146 2352 invio
1167 2305 1198 2365 et

92 2404 156 2446 non
176 2404 207 2444 ιιι
227 2405 282 2446 vra.
300 2415 340 2432 -

170 2665 305 2739 interea,
328 2663 449 2726 volente
467 2661 536 2724 Deo
556 2682 684 2743 purgare
702 2658 842 2720 familiam
861 2679 958 2736 suam,
983 2673 1014 2722 et
1032 2673 1114 2722 muta
1133 2684 1196 2722 ma·
1204 2590 1329 2754 W
1366 2648 1380 2708 'l

93 2760 189 2819 lorum
207 2756 274 2818 labe
294 2757 434 2832 inlectam
454 2757 553 2817 auditu
571 2766 683 2814 tantum
709 2750 907 2813 tribulationis
934 2757 1109 2830 emendare,
1135 2777 1196 2815 non
1216 2783 1237 2832 ι
1254 2737 1320 2810 Μ

12 2833 13 2854 ¹
91 2851 191 2932 ignoti
214 2849 339 2910 rumoris
365 2849 512 2930 penniger
537 2867 591 2909 ceu
614 2846 730 2907 volatus
752 2858 878 2906 arrectas
903 2849 1033 2908 omnium
1060 2859 1222 2927 penetrat
1215 2835 1379 2950 wit*

90 2963 195 3020 aures,
219 2943 395 3022 jamjamque
421 2942 561 3003 adventus
581 2949 714 3000 veterum
740 2938 931 3018 bostium¹⁰)
955 2940 1119 3001 volentium
1143 2962 1198 3020 pe·
1220 2957 1347 3075 ,Μ
1306 2927 1379 3033 ,(1

90 3036 171 3096 nitus
196 3047 287 3096 totam
301 3037 352 3111 ¹⁷)
373 3033 489 3108 delere,
514 3043 545 3092 et
567 3032 731 3116 inhabitare
756 3030 845 3093 solito
870 3053 954 3094 more
979 3055 995 3093 a
1021 3034 1080 3093 line
1105 2989 1231 3120 upquel
1354 3018 1402 3124 ζ

87 3130 128 3192 ad
149 3129 305 3195 terminum
327 3126 554 3203 regionum¹⁸).
593 3125 784 3202 Nequaquam
804 3135 904 3184 tamen
925 3126 964 3185 ob
987 3127 1105 3203 boc¹⁹)
1090 3128 1198 3205 )p-ro
1206 3104 1245 3142 's
1264 3079 1340 3184 ψ

12 3261 13 3264 ¹
89 3220 205 3293 ficiunt,
218 3218 268 3276 sed
285 3217 447 3296 comparati
467 3215 604 3294 jumentis
619 3214 837 3293 insipientibus,
848 3217 965 3293 strictis,
976 3229 1008 3278 ut
1019 3217 1125 3278 dicitur
1135 3222 1199 3296 ²⁰),

160 3419 182 3474 1.
201 3417 358 3491 Propior.)
376 3419 467 3483 Feblt,
484 3418 515 3471 B.
535 3448 565 3460 -
600 3419 625 3473 2.
646 3417 879 3490 Torquebontur.)
898 3420 1148 3494 contorquebantur,
1166 3423 1197 3477 V.

92 3533 124 3545 -
149 3503 174 3558 3.
192 3501 423 3574 Da‘splr'cuerant.)
441 3501 640 3572 Displicuerint,
656 3503 693 3566 B,
713 3504 743 3554 V.
763 3531 796 3543 -
829 3503 854 3556 d.
872 3503 1117 3576 Placuerantque.)
1140 3508 1198 3560 Pla

90 3588 199 3652 ruerint,
216 3587 246 3651 B,
263 3589 293 3639 V.
313 3618 345 3628 -
379 3588 402 3641 5.
421 3586 548 3656 Saltem.)
565 3586 601 3654 B;
619 3586 692 3651 fehlt,
710 3593 742 3644 Α.
760 3616 790 3627 -
817 3586 842 3641 6.
860 3587 1047 3661 Eaenrplnm.)
1063 3591 1149 3654 Feblt,
1166 3593 1197 3645 B.

91 3705 124 3715 -
147 3673 171 3726 7.
195 3671 353 3741 Veneram.)
370 3672 472 3736 Veteri,
490 3672 522 3722 V.
541 3698 572 3709 -
606 3669 630 3725 8.
649 3668 800 3741 Potuerit.)
817 3671 929 3737 Poterit,
948 3677 980 3726 A.
1003 3705 1035 3716 -
1069 3675 1093 3728 9.
1110 3673 1198 3745 tt‘tu.)

12 3801 13 3816 .
90 3756 185 3821 Ειιιὶιι,
203 3758 228 3820 Ι,
246 3756 270 3811 l.
288 3786 321 3796 ·-
356 3755 397 3811 10.
415 3754 602 3828 Agebantur.)
621 3757 752 3823 Agebant,
769 3756 800 3820 B,
817 3757 848 3809 V.
867 3786 899 3796 -
934 3758 1142 3828 illiserunt.)
1162 3765 1198 3829 d3

12 3841 13 3882 l
89 3841 198 3910 luerint,
216 3843 248 3895 V.
268 3871 298 3884 -
334 3841 374 3896 12·
393 3839 567 3911 Medicinae.)
589 3841 772 3908 Evangelium,
795 3844 819 3893 A
836 3841 964 3904 awlsebeu
981 3843 1031 3894 den
1048 3845 1147 3904 Zeilen.
1165 3875 1196 3885 -

12 3931 13 3934 ’
91 3927 133 3983 13.
151 3925 236 3996 Hac.)
261 3928 299 3992 A;
322 3925 397 3988 haec,
419 3925 456 3992 B;
485 3926 597 3989 luxuria,
622 3928 645 3978 Α
668 3926 793 3980 awisclaen
816 3928 866 3978 den
889 3925 987 3979 Zeilen.
1010 3955 1041 3964 -
1076 3930 1116 3984 14,
1139 3929 1199 4000 lpse

88 4011 187 4081 grex.)
210 4011 246 4075 V;
270 4010 320 4081 ipsi
343 4029 444 4078 greges,
468 4011 499 4062 A.
527 4039 558 4050 —
594 4011 641 4066 lb..
656 4009 845 4081 Debuerant.)
871 4013 908 4078 Α,
936 4013 1084 4075 debuerint,
1109 4013 1137 4067 V.
1164 4043 1196 4054 -

13 4135 14 4138 η
91 4095 133 4151 16.
151 4093 299 4163 Horreum)
318 4093 403 4160 Fehlt,
416 4095 446 4147 Β.
465 4125 496 4136 -
516 4094 556 4148 17.
577 4093 696 4166 Totam.)
713 4095 799 4158 Feblt,
816 4095 847 4160 B,
861 4097 892 4149 V.
911 4131 944 4145 -.
962 4097 1001 4153 18,
1018 4099 1198 4170 Regionum.)

12 4171 13 4198 ³
89 4181 128 4242 A3
153 4177 350 4248 regionemque,
372 4178 410 4244 B,
434 4178 581 4245 regionem,
597 4179 629 4232 V.
655 4213 687 4223 -
724 4179 763 4235 19.
788 4179 828 4235 Ob
855 4179 924 4252 doc.)
951 4185 993 4237 Ad
1015 4183 1080 4249 boc,
1103 4184 1134 4237 V.
1164 4214 1196 4224 -·

91 4259 133 4319 20.
156 4260 193 4316 Ut
211 4259 338 4331 dieitur.)
357 4262 393 4330 Β,
410 4261 488 4326 fehlt,
505 4266 536 4317 Α.
