<?xml version="1.0" encoding="UTF-8"?>
<!DOCTYPE html PUBLIC "-//W3C//DTD XHTML 1.0 Transitional//EN"
    "http://www.w3.org/TR/xhtml1/DTD/xhtml1-transitional.dtd">
<html xmlns="http://www.w3.org/1999/xhtml" xml:lang="en" lang="en">
 <head>
  <title>
</title>
<meta http-equiv="Content-Type" content="text/html;charset=utf-8" />
  <meta name='ocr-system' content='tesseract 3.04.00' />
  <meta name='ocr-capabilities' content='ocr_page ocr_carea ocr_par ocr_line ocrx_word'/>
</head>
<body>
  <div class='ocr_page' id='page_1' title='image "./nenniusundgilda00schugoog_0184.png"; bbox 0 0 2825 5009; ppageno 0'>
   <div class='ocr_carea' id='block_1_1' title="bbox 786 383 1058 514">
    <p class='ocr_par' dir='ltr' id='par_1_1' title="bbox 786 383 1058 514">
     <span class='ocr_line' id='line_1_1' title="bbox 786 383 1058 514; baseline 0 -35"><span class='ocrx_word' id='word_1_1' title='bbox 786 419 936 514; x_wconf 49' lang='lat' dir='ltr'>aspa</span> <span class='ocrx_word' id='word_1_2' title='bbox 1054 383 1058 390; x_wconf 70' lang='grc'><strong>’</strong></span> 
     </span>
    </p>
   </div>
   <div class='ocr_carea' id='block_1_2' title="bbox 217 505 1326 591">
    <p class='ocr_par' dir='ltr' id='par_1_2' title="bbox 217 505 1326 591">
     <span class='ocr_line' id='line_1_2' title="bbox 217 505 1326 591; baseline -0.004 -21"><span class='ocrx_word' id='word_1_3' title='bbox 217 511 314 570; x_wconf 84' lang='lat' dir='ltr'>nimae</span> <span class='ocrx_word' id='word_1_4' title='bbox 347 510 508 591; x_wconf 57' lang='lat' dir='ltr'>stragem),</span> <span class='ocrx_word' id='word_1_5' title='bbox 539 509 647 589; x_wconf 85' lang='lat' dir='ltr'>quique</span> <span class='ocrx_word' id='word_1_6' title='bbox 663 511 695 587; x_wconf 78' lang='lat'>²)</span> <span class='ocrx_word' id='word_1_7' title='bbox 731 508 968 588; x_wconf 81' lang='lat' dir='ltr'>quadragesimus</span> <span class='ocrx_word' id='word_1_8' title='bbox 1004 505 1139 588; x_wconf 78' lang='lat' dir='ltr'>quartas,</span> <span class='ocrx_word' id='word_1_9' title='bbox 1170 519 1205 566; x_wconf 89' lang='lat' dir='ltr'>ut</span> <span class='ocrx_word' id='word_1_10' title='bbox 1239 509 1326 582; x_wconf 78' lang='lat' dir='ltr'>noni,</span> 
     </span>
    </p>
   </div>
   <div class='ocr_carea' id='block_1_3' title="bbox 59 599 1405 2885">
    <p class='ocr_par' dir='ltr' id='par_1_3' title="bbox 59 599 1405 2885">
     <span class='ocr_line' id='line_1_3' title="bbox 59 599 1326 680; baseline -0.006 -14"><span class='ocrx_word' id='word_1_11' title='bbox 59 659 61 666; x_wconf 84' lang='lat'><strong>.</strong></span> <span class='ocrx_word' id='word_1_12' title='bbox 217 602 353 678; x_wconf 81' lang='lat' dir='ltr'>uritur⁸)</span> <span class='ocrx_word' id='word_1_13' title='bbox 378 621 484 675; x_wconf 88' lang='lat' dir='ltr'>annus,</span> <span class='ocrx_word' id='word_1_14' title='bbox 516 603 743 680; x_wconf 80' lang='lat' dir='ltr'>meuse=jmn⁴)</span> <span class='ocrx_word' id='word_1_15' title='bbox 770 601 910 679; x_wconf 76' lang='lat' dir='ltr'>primu⁸)</span> <span class='ocrx_word' id='word_1_16' title='bbox 933 604 1113 677; x_wconf 68' lang='lat' dir='ltr'>eureus00),</span> <span class='ocrx_word' id='word_1_17' title='bbox 1142 599 1194 678; x_wconf 80' lang='lat' dir='ltr'>qni</span> <span class='ocrx_word' id='word_1_18' title='bbox 1218 600 1326 677; x_wconf 68' lang='lat' dir='ltr'>jaur&#39;)</span> 
     </span>
     <span class='ocr_line' id='line_1_4' title="bbox 76 691 1323 772; baseline -0.006 -14"><span class='ocrx_word' id='word_1_19' title='bbox 76 712 99 771; x_wconf 49' lang='grc' dir='ltr'>’χ</span> <span class='ocrx_word' id='word_1_20' title='bbox 215 709 244 757; x_wconf 83' lang='lat' dir='ltr'>et</span> <span class='ocrx_word' id='word_1_21' title='bbox 261 716 341 758; x_wconf 84' lang='lat' dir='ltr'>meae</span> <span class='ocrx_word' id='word_1_22' title='bbox 358 698 514 756; x_wconf 61' lang='lat' dir='ltr'>mindi</span> <span class='ocrx_word' id='word_1_23' title='bbox 534 707 584 756; x_wconf 85' lang='lat' dir='ltr'>est.</span> <span class='ocrx_word' id='word_1_24' title='bbox 624 695 684 754; x_wconf 87' lang='lat' dir='ltr'>Sed</span> <span class='ocrx_word' id='word_1_25' title='bbox 700 715 743 770; x_wconf 42' lang='lat' dir='ltr'>,ne</span> <span class='ocrx_word' id='word_1_26' title='bbox 762 715 842 753; x_wconf 88' lang='lat' dir='ltr'>nunc</span> <span class='ocrx_word' id='word_1_27' title='bbox 861 694 995 772; x_wconf 84' lang='lat' dir='ltr'>quidem,</span> <span class='ocrx_word' id='word_1_28' title='bbox 1012 703 1047 752; x_wconf 86' lang='lat' dir='ltr'>ut</span> <span class='ocrx_word' id='word_1_29' title='bbox 1064 703 1169 766; x_wconf 86' lang='lat' dir='ltr'>autea,</span> <span class='ocrx_word' id='word_1_30' title='bbox 1186 691 1323 752; x_wconf 80' lang='lat' dir='ltr'>civitates</span> 
     </span>
     <span class='ocr_line' id='line_1_5' title="bbox 100 773 1324 866; baseline -0.004 -18"><span class='ocrx_word' id='word_1_31' title='bbox 100 775 162 860; x_wconf 45' lang='grc' dir='ltr'>’Χ</span> <span class='ocrx_word' id='word_1_32' title='bbox 191 773 635 866; x_wconf 59' lang='grc' dir='ltr'>’ἶιῖΕΞΕἶῐῖιῖὧᾟιτἯῖἾοά</span> <span class='ocrx_word' id='word_1_33' title='bbox 657 788 791 846; x_wconf 75' lang='lat' dir='ltr'>desertae</span> <span class='ocrx_word' id='word_1_34' title='bbox 814 787 988 866; x_wconf 71' lang='lat' dir='ltr'>dirutaeque</span> <span class='ocrx_word' id='word_1_35' title='bbox 1012 785 1152 846; x_wconf 74' lang='lat' dir='ltr'>haetenus</span> <span class='ocrx_word' id='word_1_36' title='bbox 1171 784 1324 865; x_wconf 72' lang='lat' dir='ltr'>squalent,</span> 
     </span>
     <span class='ocr_line' id='line_1_6' title="bbox 192 877 1324 955; baseline -0.003 -14"><span class='ocrx_word' id='word_1_37' title='bbox 192 878 394 940; x_wconf 83' lang='lat' dir='ltr'>&#39;cessantibus</span> <span class='ocrx_word' id='word_1_38' title='bbox 419 877 489 940; x_wconf 90' lang='lat' dir='ltr'>lieet</span> <span class='ocrx_word' id='word_1_39' title='bbox 518 877 683 954; x_wconf 64' lang='lat' dir='ltr'>externisl)</span> <span class='ocrx_word' id='word_1_40' title='bbox 714 879 817 955; x_wconf 85' lang='lat' dir='ltr'>b’ellis,</span> <span class='ocrx_word' id='word_1_41' title='bbox 846 879 898 940; x_wconf 85' lang='lat' dir='ltr'>sed</span> <span class='ocrx_word' id='word_1_42' title='bbox 926 899 989 938; x_wconf 89' lang='lat' dir='ltr'>nun</span> <span class='ocrx_word' id='word_1_43' title='bbox 1013 880 1153 954; x_wconf 79' lang='lat' dir='ltr'>taruen&#39;)</span> <span class='ocrx_word' id='word_1_44' title='bbox 1177 877 1324 940; x_wconf 77' lang='lat' dir='ltr'>civilibus.</span> 
     </span>
     <span class='ocr_line' id='line_1_7' title="bbox 215 970 1323 1050; baseline 0 -20"><span class='ocrx_word' id='word_1_45' title='bbox 215 971 321 1032; x_wconf 87' lang='lat' dir='ltr'>Haesit</span> <span class='ocrx_word' id='word_1_46' title='bbox 339 972 448 1031; x_wconf 79' lang='lat' dir='ltr'><strong>etenim</strong></span> <span class='ocrx_word' id='word_1_47' title='bbox 468 983 527 1032; x_wconf 88' lang='lat' dir='ltr'>tam</span> <span class='ocrx_word' id='word_1_48' title='bbox 547 972 695 1050; x_wconf 75' lang='lat' dir='ltr'>desperati</span> <span class='ocrx_word' id='word_1_49' title='bbox 715 973 827 1034; x_wconf 90' lang='lat' dir='ltr'>insulae</span> <span class='ocrx_word' id='word_1_50' title='bbox 846 971 967 1044; x_wconf 75' lang='lat' dir='ltr'>excidii,</span> <span class='ocrx_word' id='word_1_51' title='bbox 986 970 1188 1050; x_wconf 69' lang='lat' dir='ltr'>insperatique</span> <span class='ocrx_word' id='word_1_52' title='bbox 1206 970 1323 1030; x_wconf 84' lang='lat' dir='ltr'>mentio</span> 
     </span>
     <span class='ocr_line' id='line_1_8' title="bbox 217 1062 1323 1146; baseline 0.001 -22"><span class='ocrx_word' id='word_1_53' title='bbox 217 1063 315 1126; x_wconf 76' lang='lat' dir='ltr'>auxilii</span> <span class='ocrx_word' id='word_1_54' title='bbox 328 1064 488 1124; x_wconf 72' lang='lat' dir='ltr'>memoriae</span> <span class='ocrx_word' id='word_1_55' title='bbox 502 1083 615 1138; x_wconf 86' lang='lat' dir='ltr'>eorum,</span> <span class='ocrx_word' id='word_1_56' title='bbox 629 1063 680 1141; x_wconf 90' lang='lat' dir='ltr'>qui</span> <span class='ocrx_word' id='word_1_57' title='bbox 696 1065 848 1146; x_wconf 84' lang='lat' dir='ltr'>utriusque</span> <span class='ocrx_word' id='word_1_58' title='bbox 859 1062 991 1123; x_wconf 77' lang='lat' dir='ltr'>miraculi</span> <span class='ocrx_word' id='word_1_59' title='bbox 1004 1073 1092 1124; x_wconf 85' lang='lat' dir='ltr'>testes</span> <span class='ocrx_word' id='word_1_60' title='bbox 1107 1063 1240 1125; x_wconf 72' lang='lat' dir='ltr'>exstitere</span> <span class='ocrx_word' id='word_1_61' title='bbox 1252 1065 1323 1141; x_wconf 79' lang='grc' dir='ltr'>ιο);</span> 
     </span>
     <span class='ocr_line' id='line_1_9' title="bbox 216 1154 1323 1237; baseline 0 -20"><span class='ocrx_word' id='word_1_62' title='bbox 216 1168 246 1217; x_wconf 89' lang='lat' dir='ltr'>et</span> <span class='ocrx_word' id='word_1_63' title='bbox 267 1157 370 1231; x_wconf 86' lang='lat' dir='ltr'>ob¹¹)</span> <span class='ocrx_word' id='word_1_64' title='bbox 389 1157 446 1216; x_wconf 91' lang='lat' dir='ltr'>boc</span> <span class='ocrx_word' id='word_1_65' title='bbox 467 1173 567 1236; x_wconf 78' lang='lat' dir='ltr'>reges,</span> <span class='ocrx_word' id='word_1_66' title='bbox 587 1154 697 1234; x_wconf 82' lang='lat' dir='ltr'><strong>publici</strong></span> <span class='ocrx_word' id='word_1_67' title='bbox 717 1157 962 1237; x_wconf 71' lang='lat' dir='ltr'>privatique12),</span> <span class='ocrx_word' id='word_1_68' title='bbox 980 1155 1162 1230; x_wconf 78' lang='lat' dir='ltr'>sacerdotes,</span> <span class='ocrx_word' id='word_1_69' title='bbox 1180 1156 1323 1216; x_wconf 85' lang='lat' dir='ltr'>ecelesia-</span> 
     </span>
     <span class='ocr_line' id='line_1_10' title="bbox 217 1246 1324 1325; baseline -0.003 -14"><span class='ocrx_word' id='word_1_70' title='bbox 217 1246 300 1324; x_wconf 86' lang='lat' dir='ltr'>stici,</span> <span class='ocrx_word' id='word_1_71' title='bbox 319 1250 465 1324; x_wconf 78' lang='lat' dir='ltr'>suum¹³)</span> <span class='ocrx_word' id='word_1_72' title='bbox 484 1247 618 1308; x_wconf 77' lang='lat' dir='ltr'>ordinem</span> <span class='ocrx_word' id='word_1_73' title='bbox 638 1251 861 1325; x_wconf 83' lang='lat' dir='ltr'>servarunt&#39;⁴).</span> <span class='ocrx_word' id='word_1_74' title='bbox 899 1249 941 1307; x_wconf 88' lang='lat' dir='ltr'>At</span> <span class='ocrx_word' id='word_1_75' title='bbox 959 1247 1018 1306; x_wconf 89' lang='lat' dir='ltr'>illis</span> <span class='ocrx_word' id='word_1_76' title='bbox 1036 1247 1324 1324; x_wconf 64' lang='lat' dir='ltr'>decedentibsnsst),</span> 
     </span>
     <span class='ocr_line' id='line_1_11' title="bbox 217 1339 1323 1422; baseline 0 -20"><span class='ocrx_word' id='word_1_77' title='bbox 217 1363 283 1402; x_wconf 86' lang='lat' dir='ltr'>eum</span> <span class='ocrx_word' id='word_1_78' title='bbox 303 1339 486 1402; x_wconf 76' lang='lat' dir='ltr'>successisset</span> <span class='ocrx_word' id='word_1_79' title='bbox 503 1349 583 1399; x_wconf 87' lang='lat' dir='ltr'>aetas</span> <span class='ocrx_word' id='word_1_80' title='bbox 604 1342 783 1422; x_wconf 75' lang='lat' dir='ltr'>tempestatis</span> <span class='ocrx_word' id='word_1_81' title='bbox 802 1341 879 1400; x_wconf 85' lang='lat' dir='ltr'>illius</span> <span class='ocrx_word' id='word_1_82' title='bbox 899 1340 1008 1415; x_wconf 78' lang='lat' dir='ltr'>nescis,</span> <span class='ocrx_word' id='word_1_83' title='bbox 1029 1350 1060 1398; x_wconf 88' lang='lat' dir='ltr'>ct</span> <span class='ocrx_word' id='word_1_84' title='bbox 1078 1343 1323 1418; x_wconf 62' lang='lat' dir='ltr'>prementisten·</span> 
     </span>
     <span class='ocr_line' id='line_1_12' title="bbox 189 1431 1323 1514; baseline 0.001 -20"><span class='ocrx_word' id='word_1_85' title='bbox 189 1433 194 1439; x_wconf 75' lang='grc'>’</span> <span class='ocrx_word' id='word_1_86' title='bbox 216 1447 278 1497; x_wconf 85' lang='lat' dir='ltr'>tum</span> <span class='ocrx_word' id='word_1_87' title='bbox 298 1432 462 1494; x_wconf 86' lang='lat' dir='ltr'>screnitatis</span> <span class='ocrx_word' id='word_1_88' title='bbox 482 1452 516 1492; x_wconf 89' lang='lat' dir='ltr'>ac</span> <span class='ocrx_word' id='word_1_89' title='bbox 535 1431 727 1511; x_wconf 79' lang='lat' dir='ltr'>justitiae¹⁸)</span> <span class='ocrx_word' id='word_1_90' title='bbox 740 1435 937 1514; x_wconf 64' lang='lat' dir='ltr'>expertass),</span> <span class='ocrx_word' id='word_1_91' title='bbox 956 1433 998 1491; x_wconf 86' lang='lat' dir='ltr'>ita</span> <span class='ocrx_word' id='word_1_92' title='bbox 1017 1443 1123 1491; x_wconf 68' lang='lat' dir='ltr'>ennom</span> <span class='ocrx_word' id='word_1_93' title='bbox 1135 1433 1265 1494; x_wconf 75' lang='lat' dir='ltr'>ueritatis</span> <span class='ocrx_word' id='word_1_94' title='bbox 1285 1455 1323 1495; x_wconf 85' lang='lat' dir='ltr'>ae</span> 
     </span>
     <span class='ocr_line' id='line_1_13' title="bbox 215 1524 1323 1606; baseline -0.002 -20"><span class='ocrx_word' id='word_1_95' title='bbox 215 1525 343 1606; x_wconf 83' lang='lat' dir='ltr'>justitiae</span> <span class='ocrx_word' id='word_1_96' title='bbox 363 1524 562 1596; x_wconf 87' lang='lat' dir='ltr'>moderamina</span> <span class='ocrx_word' id='word_1_97' title='bbox 589 1545 730 1586; x_wconf 86' lang='lat' dir='ltr'>concussa</span> <span class='ocrx_word' id='word_1_98' title='bbox 755 1529 788 1588; x_wconf 86' lang='lat' dir='ltr'>a&#39;o</span> <span class='ocrx_word' id='word_1_99' title='bbox 811 1525 950 1587; x_wconf 79' lang='lat' dir='ltr'>subversa</span> <span class='ocrx_word' id='word_1_100' title='bbox 975 1533 1059 1599; x_wconf 90' lang='lat' dir='ltr'>sunt,</span> <span class='ocrx_word' id='word_1_101' title='bbox 1083 1535 1117 1584; x_wconf 89' lang='lat' dir='ltr'>ut</span> <span class='ocrx_word' id='word_1_102' title='bbox 1141 1527 1323 1603; x_wconf 60' lang='lat' dir='ltr'>commu),</span> 
     </span>
     <span class='ocr_line' id='line_1_14' title="bbox 216 1616 1323 1700; baseline 0.001 -22"><span class='ocrx_word' id='word_1_103' title='bbox 216 1641 278 1680; x_wconf 92' lang='lat' dir='ltr'>non</span> <span class='ocrx_word' id='word_1_104' title='bbox 299 1620 392 1678; x_wconf 85' lang='lat' dir='ltr'>dicam</span> <span class='ocrx_word' id='word_1_105' title='bbox 412 1618 577 1700; x_wconf 80' lang='lat' dir='ltr'>vestigium,</span> <span class='ocrx_word' id='word_1_106' title='bbox 597 1619 647 1678; x_wconf 88' lang='lat' dir='ltr'>sed</span> <span class='ocrx_word' id='word_1_107' title='bbox 668 1639 707 1678; x_wconf 91' lang='lat' dir='ltr'>ne</span> <span class='ocrx_word' id='word_1_108' title='bbox 727 1619 942 1679; x_wconf 77' lang='lat' dir='ltr'>munimentum</span> <span class='ocrx_word' id='word_1_109' title='bbox 956 1617 1085 1697; x_wconf 76' lang='lat' dir='ltr'>quidem,</span> <span class='ocrx_word' id='word_1_110' title='bbox 1100 1616 1131 1676; x_wconf 93' lang='lat' dir='ltr'>in</span> <span class='ocrx_word' id='word_1_111' title='bbox 1145 1618 1323 1698; x_wconf 83' lang='lat' dir='ltr'>supradictis</span> 
     </span>
     <span class='ocr_line' id='line_1_15' title="bbox 93 1709 1321 1792; baseline -0.002 -20"><span class='ocrx_word' id='word_1_112' title='bbox 93 1773 95 1778; x_wconf 74' lang='grc'>,</span> <span class='ocrx_word' id='word_1_113' title='bbox 214 1711 431 1792; x_wconf 81' lang='lat' dir='ltr'>propemodum</span> <span class='ocrx_word' id='word_1_114' title='bbox 451 1711 604 1771; x_wconf 76' lang='lat' dir='ltr'>ordinibus</span> <span class='ocrx_word' id='word_1_115' title='bbox 624 1721 775 1790; x_wconf 76' lang='lat' dir='ltr'>appareat,</span> <span class='ocrx_word' id='word_1_116' title='bbox 794 1711 922 1792; x_wconf 81' lang='lat' dir='ltr'>exceptis</span> <span class='ocrx_word' id='word_1_117' title='bbox 940 1709 1040 1790; x_wconf 80' lang='lat' dir='ltr'>paucis</span> <span class='ocrx_word' id='word_1_118' title='bbox 1060 1710 1187 1772; x_wconf 82' lang='lat' dir='ltr'>eteaide</span> <span class='ocrx_word' id='word_1_119' title='bbox 1205 1711 1321 1791; x_wconf 68' lang='lat' dir='ltr'>pantu,</span> 
     </span>
     <span class='ocr_line' id='line_1_16' title="bbox 214 1802 1324 1884; baseline 0.001 -20"><span class='ocrx_word' id='word_1_120' title='bbox 214 1803 275 1883; x_wconf 87' lang='lat' dir='ltr'>qui,</span> <span class='ocrx_word' id='word_1_121' title='bbox 295 1803 335 1865; x_wconf 91' lang='lat' dir='ltr'>ob</span> <span class='ocrx_word' id='word_1_122' title='bbox 356 1802 538 1864; x_wconf 87' lang='lat' dir='ltr'>amissionem</span> <span class='ocrx_word' id='word_1_123' title='bbox 559 1815 658 1864; x_wconf 84' lang='lat' dir='ltr'>tantae</span> <span class='ocrx_word' id='word_1_124' title='bbox 677 1803 881 1879; x_wconf 87' lang='lat' dir='ltr'>multitudiuis,</span> <span class='ocrx_word' id='word_1_125' title='bbox 901 1821 976 1882; x_wconf 84' lang='lat' dir='ltr'>quae</span> <span class='ocrx_word' id='word_1_126' title='bbox 990 1802 1124 1882; x_wconf 82' lang='lat' dir='ltr'>quotidie</span> <span class='ocrx_word' id='word_1_127' title='bbox 1142 1825 1237 1884; x_wconf 87' lang='lat' dir='ltr'>prona</span> <span class='ocrx_word' id='word_1_128' title='bbox 1255 1806 1324 1866; x_wconf 87' lang='lat' dir='ltr'>ruit</span> 
     </span>
     <span class='ocr_line' id='line_1_17' title="bbox 213 1892 1395 1979; baseline 0.001 -21"><span class='ocrx_word' id='word_1_129' title='bbox 213 1899 248 1958; x_wconf 91' lang='lat' dir='ltr'>ad</span> <span class='ocrx_word' id='word_1_130' title='bbox 264 1897 397 1972; x_wconf 86' lang='lat' dir='ltr'>Tartara,</span> <span class='ocrx_word' id='word_1_131' title='bbox 415 1908 474 1957; x_wconf 73' lang='lat' dir='ltr'>mm</span> <span class='ocrx_word' id='word_1_132' title='bbox 496 1897 591 1959; x_wconf 87' lang='lat' dir='ltr'>brevis</span> <span class='ocrx_word' id='word_1_133' title='bbox 606 1897 720 1957; x_wconf 88' lang='lat' dir='ltr'>numeri</span> <span class='ocrx_word' id='word_1_134' title='bbox 732 1901 739 1936; x_wconf 88' lang='lat'><strong>¹</strong></span> <span class='ocrx_word' id='word_1_135' title='bbox 750 1898 781 1973; x_wconf 78' lang='lat'>⁹)</span> <span class='ocrx_word' id='word_1_136' title='bbox 802 1897 957 1973; x_wconf 85' lang='lat' dir='ltr'>habentur,</span> <span class='ocrx_word' id='word_1_137' title='bbox 976 1911 1010 1959; x_wconf 86' lang='lat' dir='ltr'>nt</span> <span class='ocrx_word' id='word_1_138' title='bbox 1030 1919 1081 1960; x_wconf 87' lang='lat' dir='ltr'>eos</span> <span class='ocrx_word' id='word_1_139' title='bbox 1094 1899 1321 1979; x_wconf 86' lang='lat' dir='ltr'>quodammodo</span> <span class='ocrx_word' id='word_1_140' title='bbox 1389 1892 1395 1898; x_wconf 46' lang='lat'><strong><em>⁹</em></strong></span> 
     </span>
     <span class='ocr_line' id='line_1_18' title="bbox 211 1985 1405 2065; baseline 0 -16"><span class='ocrx_word' id='word_1_141' title='bbox 211 1988 387 2049; x_wconf 86' lang='lat' dir='ltr'>venerabilis</span> <span class='ocrx_word' id='word_1_142' title='bbox 407 2000 501 2049; x_wconf 86' lang='lat' dir='ltr'>mater</span> <span class='ocrx_word' id='word_1_143' title='bbox 525 1990 662 2065; x_wconf 79' lang='lat' dir='ltr'>ecelesia,</span> <span class='ocrx_word' id='word_1_144' title='bbox 685 1990 780 2065; x_wconf 76' lang='lat' dir='ltr'>ut¹⁰)</span> <span class='ocrx_word' id='word_1_145' title='bbox 806 1990 837 2049; x_wconf 90' lang='lat' dir='ltr'>iu</span> <span class='ocrx_word' id='word_1_146' title='bbox 860 1991 926 2051; x_wconf 87' lang='lat' dir='ltr'>sinu</span> <span class='ocrx_word' id='word_1_147' title='bbox 951 2013 1005 2052; x_wconf 90' lang='lat' dir='ltr'>suo</span> <span class='ocrx_word' id='word_1_148' title='bbox 1026 1992 1233 2053; x_wconf 83' lang='lat' dir='ltr'>recumbentes</span> <span class='ocrx_word' id='word_1_149' title='bbox 1252 2010 1322 2050; x_wconf 88' lang='lat' dir='ltr'>non</span> <span class='ocrx_word' id='word_1_150' title='bbox 1401 1985 1405 1990; x_wconf 72' lang='grc'><strong>’</strong></span> 
     </span>
     <span class='ocr_line' id='line_1_19' title="bbox 210 2081 1321 2167; baseline -0.001 -23"><span class='ocrx_word' id='word_1_151' title='bbox 210 2081 327 2156; x_wconf 73' lang='lat' dir='ltr'>rident,</span> <span class='ocrx_word' id='word_1_152' title='bbox 355 2100 429 2160; x_wconf 89' lang='lat' dir='ltr'>quos</span> <span class='ocrx_word' id='word_1_153' title='bbox 448 2081 528 2142; x_wconf 89' lang='lat' dir='ltr'>solos</span> <span class='ocrx_word' id='word_1_154' title='bbox 549 2085 695 2160; x_wconf 80' lang='lat' dir='ltr'>veros²¹)</span> <span class='ocrx_word' id='word_1_155' title='bbox 722 2083 819 2143; x_wconf 90' lang='lat' dir='ltr'>babet.</span> <span class='ocrx_word' id='word_1_156' title='bbox 860 2085 996 2158; x_wconf 87' lang='lat' dir='ltr'>Quorum</span> <span class='ocrx_word' id='word_1_157' title='bbox 1016 2105 1055 2146; x_wconf 90' lang='lat' dir='ltr'>ne</span> <span class='ocrx_word' id='word_1_158' title='bbox 1075 2086 1140 2165; x_wconf 87' lang='lat' dir='ltr'>quis</span> <span class='ocrx_word' id='word_1_159' title='bbox 1160 2103 1208 2144; x_wconf 83' lang='lat' dir='ltr'>me</span> <span class='ocrx_word' id='word_1_160' title='bbox 1227 2103 1321 2167; x_wconf 79' lang='lat' dir='ltr'>egre·</span> 
     </span>
     <span class='ocr_line' id='line_1_20' title="bbox 210 2175 1323 2259; baseline 0.002 -25"><span class='ocrx_word' id='word_1_161' title='bbox 210 2175 288 2256; x_wconf 84' lang='lat' dir='ltr'>giam</span> <span class='ocrx_word' id='word_1_162' title='bbox 308 2175 413 2251; x_wconf 80' lang='lat' dir='ltr'>vitam,</span> <span class='ocrx_word' id='word_1_163' title='bbox 438 2176 603 2236; x_wconf 88' lang='lat' dir='ltr'>bominibus</span> <span class='ocrx_word' id='word_1_164' title='bbox 630 2175 909 2254; x_wconf 69' lang='lat' dir='ltr'>admirabilem22),</span> <span class='ocrx_word' id='word_1_165' title='bbox 934 2178 1062 2259; x_wconf 86' lang='lat' dir='ltr'>Deoqne</span> <span class='ocrx_word' id='word_1_166' title='bbox 1088 2176 1323 2254; x_wconf 81' lang='lat' dir='ltr'>amabilem²⁸),</span> 
     </span>
     <span class='ocr_line' id='line_1_21' title="bbox 211 2269 1321 2350; baseline -0.001 -20"><span class='ocrx_word' id='word_1_167' title='bbox 211 2289 332 2349; x_wconf 86' lang='lat' dir='ltr'>carpere</span> <span class='ocrx_word' id='word_1_168' title='bbox 359 2279 459 2348; x_wconf 83' lang='lat' dir='ltr'>putet,</span> <span class='ocrx_word' id='word_1_169' title='bbox 488 2269 609 2348; x_wconf 91' lang='lat' dir='ltr'>(quibus</span> <span class='ocrx_word' id='word_1_170' title='bbox 636 2279 736 2328; x_wconf 83' lang='lat' dir='ltr'>nostra</span> <span class='ocrx_word' id='word_1_171' title='bbox 760 2269 929 2346; x_wconf 83' lang='lat' dir='ltr'>infirmitas,</span> <span class='ocrx_word' id='word_1_172' title='bbox 952 2271 1104 2350; x_wconf 78' lang='lat' dir='ltr'>sacris²⁴)</span> <span class='ocrx_word' id='word_1_173' title='bbox 1130 2269 1321 2330; x_wconf 86' lang='lat' dir='ltr'>orationibus</span> 
     </span>
     <span class='ocr_line' id='line_1_22' title="bbox 209 2360 1320 2444; baseline 0.004 -25"><span class='ocrx_word' id='word_1_174' title='bbox 209 2372 324 2421; x_wconf 87' lang='lat' dir='ltr'>utnon</span> <span class='ocrx_word' id='word_1_175' title='bbox 345 2361 461 2439; x_wconf 86' lang='lat' dir='ltr'>penitus</span> <span class='ocrx_word' id='word_1_176' title='bbox 482 2360 661 2434; x_wconf 73' lang='lat' dir='ltr'>cudebatur,</span> <span class='ocrx_word' id='word_1_177' title='bbox 688 2361 769 2438; x_wconf 88' lang='lat' dir='ltr'>quasi</span> <span class='ocrx_word' id='word_1_178' title='bbox 794 2363 937 2422; x_wconf 88' lang='lat' dir='ltr'>columnis</span> <span class='ocrx_word' id='word_1_179' title='bbox 964 2363 1134 2444; x_wconf 89' lang='lat' dir='ltr'>quibusdam</span> <span class='ocrx_word' id='word_1_180' title='bbox 1161 2383 1195 2424; x_wconf 90' lang='lat' dir='ltr'>ac</span> <span class='ocrx_word' id='word_1_181' title='bbox 1213 2363 1320 2423; x_wconf 81' lang='lat' dir='ltr'>inieris</span> 
     </span>
     <span class='ocr_line' id='line_1_23' title="bbox 210 2453 1321 2534; baseline -0.001 -19"><span class='ocrx_word' id='word_1_182' title='bbox 210 2453 405 2516; x_wconf 76' lang='lat' dir='ltr'>saluberrimis</span> <span class='ocrx_word' id='word_1_183' title='bbox 425 2457 637 2529; x_wconf 57' lang='lat' dir='ltr'>sustentatum)</span> <span class='ocrx_word' id='word_1_184' title='bbox 663 2453 797 2530; x_wconf 65' lang='lat' dir='ltr'>dixin),</span> <span class='ocrx_word' id='word_1_185' title='bbox 823 2456 923 2534; x_wconf 89' lang='lat' dir='ltr'>siqua</span> <span class='ocrx_word' id='word_1_186' title='bbox 951 2455 1071 2517; x_wconf 89' lang='lat' dir='ltr'>liberius</span> <span class='ocrx_word' id='word_1_187' title='bbox 1097 2459 1135 2517; x_wconf 88' lang='lat' dir='ltr'>de</span> <span class='ocrx_word' id='word_1_188' title='bbox 1162 2457 1221 2532; x_wconf 87' lang='lat' dir='ltr'>his,</span> <span class='ocrx_word' id='word_1_189' title='bbox 1252 2457 1321 2515; x_wconf 89' lang='lat' dir='ltr'>imo</span> 
     </span>
     <span class='ocr_line' id='line_1_24' title="bbox 209 2545 1318 2626; baseline 0.004 -22"><span class='ocrx_word' id='word_1_190' title='bbox 209 2545 376 2626; x_wconf 78' lang='lat' dir='ltr'>lugubrius,</span> <span class='ocrx_word' id='word_1_191' title='bbox 402 2546 517 2607; x_wconf 88' lang='lat' dir='ltr'>cumulo</span> <span class='ocrx_word' id='word_1_192' title='bbox 538 2547 680 2605; x_wconf 89' lang='lat' dir='ltr'>malorum</span> <span class='ocrx_word' id='word_1_193' title='bbox 701 2547 883 2624; x_wconf 89' lang='lat' dir='ltr'>compulsus,</span> <span class='ocrx_word' id='word_1_194' title='bbox 909 2548 959 2626; x_wconf 89' lang='lat' dir='ltr'>qui</span> <span class='ocrx_word' id='word_1_195' title='bbox 979 2550 1112 2610; x_wconf 90' lang='lat' dir='ltr'>serviunt</span> <span class='ocrx_word' id='word_1_196' title='bbox 1135 2569 1197 2609; x_wconf 87' lang='lat' dir='ltr'>nun</span> <span class='ocrx_word' id='word_1_197' title='bbox 1217 2549 1318 2608; x_wconf 86' lang='lat' dir='ltr'>solum</span> 
     </span>
     <span class='ocr_line' id='line_1_25' title="bbox 208 2638 1319 2724; baseline 0 -24"><span class='ocrx_word' id='word_1_198' title='bbox 208 2640 321 2714; x_wconf 80' lang='lat' dir='ltr'>ventri,</span> <span class='ocrx_word' id='word_1_199' title='bbox 339 2639 391 2698; x_wconf 88' lang='lat' dir='ltr'>sed</span> <span class='ocrx_word' id='word_1_200' title='bbox 411 2651 441 2698; x_wconf 88' lang='lat' dir='ltr'>et</span> <span class='ocrx_word' id='word_1_201' title='bbox 461 2638 581 2698; x_wconf 88' lang='lat' dir='ltr'>diabolo</span> <span class='ocrx_word' id='word_1_202' title='bbox 602 2639 716 2716; x_wconf 88' lang='lat' dir='ltr'>potius,</span> <span class='ocrx_word' id='word_1_203' title='bbox 737 2659 823 2718; x_wconf 81' lang='lat' dir='ltr'>quam</span> <span class='ocrx_word' id='word_1_204' title='bbox 845 2641 981 2719; x_wconf 81' lang='lat' dir='ltr'>Christo,</span> <span class='ocrx_word' id='word_1_205' title='bbox 1007 2644 1058 2724; x_wconf 77' lang='lat' dir='ltr'>qui</span> <span class='ocrx_word' id='word_1_206' title='bbox 1075 2655 1120 2703; x_wconf 87' lang='lat' dir='ltr'>est</span> <span class='ocrx_word' id='word_1_207' title='bbox 1139 2640 1319 2702; x_wconf 85' lang='lat' dir='ltr'>benedictus</span> 
     </span>
     <span class='ocr_line' id='line_1_26' title="bbox 208 2729 1321 2818; baseline 0.005 -28"><span class='ocrx_word' id='word_1_208' title='bbox 208 2751 296 2810; x_wconf 90' lang='lat' dir='ltr'>super</span> <span class='ocrx_word' id='word_1_209' title='bbox 323 2729 419 2791; x_wconf 86' lang='lat' dir='ltr'>omnia</span> <span class='ocrx_word' id='word_1_210' title='bbox 440 2731 520 2790; x_wconf 89' lang='lat' dir='ltr'>Deus</span> <span class='ocrx_word' id='word_1_211' title='bbox 548 2730 577 2790; x_wconf 89' lang='lat' dir='ltr'>in</span> <span class='ocrx_word' id='word_1_212' title='bbox 598 2731 711 2806; x_wconf 89' lang='lat' dir='ltr'>secula,</span> <span class='ocrx_word' id='word_1_213' title='bbox 736 2751 798 2791; x_wconf 91' lang='lat' dir='ltr'>non</span> <span class='ocrx_word' id='word_1_214' title='bbox 822 2741 881 2793; x_wconf 83' lang='lat' dir='ltr'>tam</span> <span class='ocrx_word' id='word_1_215' title='bbox 902 2735 1123 2818; x_wconf 86' lang='lat' dir='ltr'>disceptavero,</span> <span class='ocrx_word' id='word_1_216' title='bbox 1150 2757 1235 2816; x_wconf 85' lang='lat' dir='ltr'>quam</span> <span class='ocrx_word' id='word_1_217' title='bbox 1262 2736 1321 2796; x_wconf 90' lang='lat' dir='ltr'>de-</span> 
     </span>
     <span class='ocr_line' id='line_1_27' title="bbox 204 2823 904 2885; baseline -0.003 0"><span class='ocrx_word' id='word_1_218' title='bbox 204 2823 329 2885; x_wconf 88' lang='lat' dir='ltr'>flevero.</span> <span class='ocrx_word' id='word_1_219' title='bbox 896 2831 904 2840; x_wconf 92' lang='lat'><em>&#39;</em></span> 
     </span>
    </p>
   </div>
   <div class='ocr_carea' id='block_1_4' title="bbox 206 2991 406 3006">
    <p class='ocr_par' dir='ltr' id='par_1_4' title="bbox 206 2991 406 3006">
     <span class='ocr_line' id='line_1_28' title="bbox 206 2991 406 3006; baseline -0.015 -1"><span class='ocrx_word' id='word_1_220' title='bbox 206 2991 406 3006; x_wconf 57' lang='lat' dir='ltr'>ffl-</span> 
     </span>
    </p>
   </div>
   <div class='ocr_carea' id='block_1_5' title="bbox 201 3091 1408 4152">
    <p class='ocr_par' dir='ltr' id='par_1_5' title="bbox 201 3091 1408 4152">
     <span class='ocr_line' id='line_1_29' title="bbox 274 3091 1316 3172; baseline 0.004 -26"><span class='ocrx_word' id='word_1_221' title='bbox 274 3091 298 3146; x_wconf 86' lang='lat'><strong>1.</strong></span> <span class='ocrx_word' id='word_1_222' title='bbox 314 3092 450 3164; x_wconf 79' lang='lat' dir='ltr'>Strugis.)</span> <span class='ocrx_word' id='word_1_223' title='bbox 476 3096 578 3161; x_wconf 74' lang='lat' dir='ltr'>Strage,</span> <span class='ocrx_word' id='word_1_224' title='bbox 602 3095 631 3148; x_wconf 89' lang='lat' dir='ltr'>A.</span> <span class='ocrx_word' id='word_1_225' title='bbox 656 3125 688 3135; x_wconf 89' lang='lat'><em>-</em></span> <span class='ocrx_word' id='word_1_226' title='bbox 722 3095 746 3150; x_wconf 84' lang='lat'>2.</span> <span class='ocrx_word' id='word_1_227' title='bbox 774 3098 878 3168; x_wconf 79' lang='lat' dir='ltr'>Quique</span> <span class='ocrx_word' id='word_1_228' title='bbox 897 3130 928 3140; x_wconf 97' lang='lat'><em>-</em></span> <span class='ocrx_word' id='word_1_229' title='bbox 945 3100 1075 3172; x_wconf 68' lang='lat' dir='ltr'>ummo.)</span> <span class='ocrx_word' id='word_1_230' title='bbox 1101 3101 1192 3166; x_wconf 81' lang='lat' dir='ltr'>Feblt,</span> <span class='ocrx_word' id='word_1_231' title='bbox 1216 3106 1246 3156; x_wconf 87' lang='lat' dir='ltr'>V.</span> <span class='ocrx_word' id='word_1_232' title='bbox 1277 3137 1316 3150; x_wconf 87' lang='lat'><strong>..</strong></span> 
     </span>
     <span class='ocr_line' id='line_1_30' title="bbox 203 3177 1318 3261; baseline 0.013 -32"><span class='ocrx_word' id='word_1_233' title='bbox 203 3177 228 3233; x_wconf 88' lang='lat'>3.</span> <span class='ocrx_word' id='word_1_234' title='bbox 248 3177 369 3249; x_wconf 72' lang='lat' dir='ltr'>Oritur.)</span> <span class='ocrx_word' id='word_1_235' title='bbox 386 3180 435 3230; x_wconf 88' lang='lat' dir='ltr'>Vel</span> <span class='ocrx_word' id='word_1_236' title='bbox 455 3181 564 3241; x_wconf 84' lang='lat' dir='ltr'>orditur,</span> <span class='ocrx_word' id='word_1_237' title='bbox 582 3179 605 3230; x_wconf 96' lang='lat' dir='ltr'><strong>A</strong></span> <span class='ocrx_word' id='word_1_238' title='bbox 623 3179 751 3232; x_wconf 80' lang='lat' dir='ltr'>zwisclren</span> <span class='ocrx_word' id='word_1_239' title='bbox 768 3183 818 3233; x_wconf 86' lang='lat' dir='ltr'>den</span> <span class='ocrx_word' id='word_1_240' title='bbox 836 3177 1067 3252; x_wconf 49' lang='lat' dir='ltr'>zellen-,orditus</span> <span class='ocrx_word' id='word_1_241' title='bbox 1083 3187 1107 3239; x_wconf 79' lang='lat' dir='ltr'>J.</span> <span class='ocrx_word' id='word_1_242' title='bbox 1126 3219 1158 3229; x_wconf 91' lang='lat'><em>-</em></span> <span class='ocrx_word' id='word_1_243' title='bbox 1181 3188 1318 3261; x_wconf 67' lang='lat' dir='ltr'>Adam.)</span> 
     </span>
     <span class='ocr_line' id='line_1_31' title="bbox 204 3261 1320 3341; baseline 0.012 -27"><span class='ocrx_word' id='word_1_244' title='bbox 204 3261 241 3328; x_wconf 76' lang='lat'>133</span> <span class='ocrx_word' id='word_1_245' title='bbox 261 3262 333 3323; x_wconf 75' lang='lat' dir='ltr'>fehlt,</span> <span class='ocrx_word' id='word_1_246' title='bbox 352 3263 381 3314; x_wconf 86' lang='lat' dir='ltr'>A.</span> <span class='ocrx_word' id='word_1_247' title='bbox 401 3294 432 3304; x_wconf 94' lang='lat'><em>-</em></span> <span class='ocrx_word' id='word_1_248' title='bbox 467 3264 492 3318; x_wconf 81' lang='lat'>5.</span> <span class='ocrx_word' id='word_1_249' title='bbox 510 3261 625 3330; x_wconf 80' lang='lat' dir='ltr'>Primo.)</span> <span class='ocrx_word' id='word_1_250' title='bbox 644 3264 680 3326; x_wconf 85' lang='lat' dir='ltr'>A;</span> <span class='ocrx_word' id='word_1_251' title='bbox 697 3284 759 3328; x_wconf 90' lang='lat' dir='ltr'>uno,</span> <span class='ocrx_word' id='word_1_252' title='bbox 776 3266 808 3317; x_wconf 90' lang='lat' dir='ltr'>B.</span> <span class='ocrx_word' id='word_1_253' title='bbox 827 3297 860 3309; x_wconf 92' lang='lat'><em>-</em></span> <span class='ocrx_word' id='word_1_254' title='bbox 893 3269 917 3322; x_wconf 83' lang='grc'>6.</span> <span class='ocrx_word' id='word_1_255' title='bbox 935 3267 1075 3341; x_wconf 76' lang='lat' dir='ltr'>Ensenso.)</span> <span class='ocrx_word' id='word_1_256' title='bbox 1093 3271 1211 3337; x_wconf 80' lang='lat' dir='ltr'>Emenso,</span> <span class='ocrx_word' id='word_1_257' title='bbox 1228 3275 1261 3326; x_wconf 90' lang='lat' dir='ltr'>B.</span> <span class='ocrx_word' id='word_1_258' title='bbox 1281 3305 1320 3316; x_wconf 79' lang='lat'>—</span> 
     </span>
     <span class='ocr_line' id='line_1_32' title="bbox 202 3345 1318 3431; baseline 0.011 -31"><span class='ocrx_word' id='word_1_259' title='bbox 202 3347 227 3400; x_wconf 84' lang='lat'>7.</span> <span class='ocrx_word' id='word_1_260' title='bbox 244 3345 329 3415; x_wconf 76' lang='lat' dir='ltr'>dum.)</span> <span class='ocrx_word' id='word_1_261' title='bbox 353 3345 444 3411; x_wconf 86' lang='lat' dir='ltr'>Feblt,</span> <span class='ocrx_word' id='word_1_262' title='bbox 464 3347 501 3410; x_wconf 84' lang='lat' dir='ltr'>B,</span> <span class='ocrx_word' id='word_1_263' title='bbox 517 3350 549 3401; x_wconf 92' lang='lat' dir='ltr'>V.</span> <span class='ocrx_word' id='word_1_264' title='bbox 568 3377 599 3387; x_wconf 94' lang='lat'><em>-</em></span> <span class='ocrx_word' id='word_1_265' title='bbox 633 3346 657 3400; x_wconf 79' lang='lat'>8.</span> <span class='ocrx_word' id='word_1_266' title='bbox 675 3347 833 3421; x_wconf 62' lang='lat' dir='ltr'>meone.)</span> <span class='ocrx_word' id='word_1_267' title='bbox 856 3353 998 3418; x_wconf 71' lang='lat' dir='ltr'>heremis,</span> <span class='ocrx_word' id='word_1_268' title='bbox 1017 3357 1047 3406; x_wconf 89' lang='lat' dir='ltr'>A.</span> <span class='ocrx_word' id='word_1_269' title='bbox 1074 3386 1106 3396; x_wconf 92' lang='lat'><em>-</em></span> <span class='ocrx_word' id='word_1_270' title='bbox 1139 3356 1165 3413; x_wconf 83' lang='grc'><strong>9.</strong></span> <span class='ocrx_word' id='word_1_271' title='bbox 1185 3357 1318 3431; x_wconf 75' lang='lat' dir='ltr'>Tamen.)</span> 
     </span>
     <span class='ocr_line' id='line_1_33' title="bbox 202 3428 1318 3510; baseline 0.013 -28"><span class='ocrx_word' id='word_1_272' title='bbox 202 3428 293 3492; x_wconf 80' lang='lat' dir='ltr'>Fehlc,</span> <span class='ocrx_word' id='word_1_273' title='bbox 319 3430 350 3483; x_wconf 87' lang='lat' dir='ltr'>B.</span> <span class='ocrx_word' id='word_1_274' title='bbox 379 3461 409 3472; x_wconf 91' lang='lat'><em>-</em></span> <span class='ocrx_word' id='word_1_275' title='bbox 446 3431 484 3485; x_wconf 88' lang='lat'><strong>10.</strong></span> <span class='ocrx_word' id='word_1_276' title='bbox 508 3431 675 3504; x_wconf 70' lang='lat' dir='ltr'>Excutere.)</span> <span class='ocrx_word' id='word_1_277' title='bbox 703 3434 847 3498; x_wconf 65' lang='lat' dir='ltr'>Exissere,</span> <span class='ocrx_word' id='word_1_278' title='bbox 863 3442 893 3488; x_wconf 84' lang='lat' dir='ltr'>A.</span> <span class='ocrx_word' id='word_1_279' title='bbox 912 3469 944 3480; x_wconf 89' lang='lat'><em>-</em></span> <span class='ocrx_word' id='word_1_280' title='bbox 984 3438 1024 3492; x_wconf 86' lang='lat'><strong>11.</strong></span> <span class='ocrx_word' id='word_1_281' title='bbox 1044 3437 1107 3510; x_wconf 82' lang='lat' dir='ltr'><strong>Ob.)</strong></span> <span class='ocrx_word' id='word_1_282' title='bbox 1134 3439 1193 3504; x_wconf 86' lang='lat' dir='ltr'>Ab,</span> <span class='ocrx_word' id='word_1_283' title='bbox 1218 3445 1248 3496; x_wconf 79' lang='lat' dir='ltr'><strong>A</strong></span> <span class='ocrx_word' id='word_1_284' title='bbox 1279 3475 1318 3488; x_wconf 85' lang='lat'>-</span> 
     </span>
     <span class='ocr_line' id='line_1_34' title="bbox 202 3511 1408 3596; baseline 0.01 -29"><span class='ocrx_word' id='word_1_285' title='bbox 202 3511 244 3567; x_wconf 86' lang='lat'>12.</span> <span class='ocrx_word' id='word_1_286' title='bbox 262 3513 444 3584; x_wconf 78' lang='lat' dir='ltr'>Prt&#39;vtttt&#39;que.)</span> <span class='ocrx_word' id='word_1_287' title='bbox 467 3515 578 3581; x_wconf 81' lang='lat' dir='ltr'>Privati,</span> <span class='ocrx_word' id='word_1_288' title='bbox 600 3516 630 3570; x_wconf 88' lang='lat' dir='ltr'>B.</span> <span class='ocrx_word' id='word_1_289' title='bbox 658 3547 690 3558; x_wconf 90' lang='lat'><em>-</em></span> <span class='ocrx_word' id='word_1_290' title='bbox 727 3517 766 3574; x_wconf 88' lang='grc'>13.</span> <span class='ocrx_word' id='word_1_291' title='bbox 784 3518 891 3592; x_wconf 68' lang='lat' dir='ltr'>Situm.)</span> <span class='ocrx_word' id='word_1_292' title='bbox 918 3525 1001 3575; x_wconf 85' lang='lat' dir='ltr'>Suum</span> <span class='ocrx_word' id='word_1_293' title='bbox 1024 3523 1139 3596; x_wconf 72' lang='lat' dir='ltr'>quique,</span> <span class='ocrx_word' id='word_1_294' title='bbox 1154 3524 1193 3588; x_wconf 85' lang='lat' dir='ltr'>B,</span> <span class='ocrx_word' id='word_1_295' title='bbox 1216 3526 1247 3578; x_wconf 93' lang='lat' dir='ltr'>V.</span> <span class='ocrx_word' id='word_1_296' title='bbox 1279 3557 1318 3570; x_wconf 89' lang='lat'>·-·</span> <span class='ocrx_word' id='word_1_297' title='bbox 1401 3553 1408 3568; x_wconf 89' lang='lat'><strong>·</strong></span> 
     </span>
     <span class='ocr_line' id='line_1_35' title="bbox 203 3595 1315 3679; baseline 0.013 -28"><span class='ocrx_word' id='word_1_298' title='bbox 203 3595 438 3668; x_wconf 78' lang='lat' dir='ltr'>1¹1.Servaruttt.)</span> <span class='ocrx_word' id='word_1_299' title='bbox 461 3600 643 3664; x_wconf 78' lang='lat' dir='ltr'>Servavemnt,</span> <span class='ocrx_word' id='word_1_300' title='bbox 666 3603 697 3656; x_wconf 91' lang='lat' dir='ltr'>A.</span> <span class='ocrx_word' id='word_1_301' title='bbox 725 3632 758 3644; x_wconf 88' lang='lat'>-·</span> <span class='ocrx_word' id='word_1_302' title='bbox 793 3604 834 3660; x_wconf 89' lang='lat'>15.</span> <span class='ocrx_word' id='word_1_303' title='bbox 852 3605 1077 3679; x_wconf 65' lang='lat' dir='ltr'>decedentibus.)</span> <span class='ocrx_word' id='word_1_304' title='bbox 1100 3609 1315 3676; x_wconf 70' lang='lat' dir='ltr'>Discedentibus,</span> 
     </span>
     <span class='ocr_line' id='line_1_36' title="bbox 201 3679 1317 3765; baseline 0.018 -36"><span class='ocrx_word' id='word_1_305' title='bbox 201 3681 238 3742; x_wconf 85' lang='lat' dir='ltr'>A,</span> <span class='ocrx_word' id='word_1_306' title='bbox 261 3679 309 3731; x_wconf 89' lang='lat' dir='ltr'>mit</span> <span class='ocrx_word' id='word_1_307' title='bbox 331 3681 390 3733; x_wconf 90' lang='lat' dir='ltr'>dern</span> <span class='ocrx_word' id='word_1_308' title='bbox 413 3682 504 3734; x_wconf 76' lang='lat' dir='ltr'>Zusutz</span> <span class='ocrx_word' id='word_1_309' title='bbox 528 3686 560 3736; x_wconf 84' lang='lat' dir='ltr'>nd</span> <span class='ocrx_word' id='word_1_310' title='bbox 583 3701 702 3741; x_wconf 85' lang='lat' dir='ltr'>mortem.</span> <span class='ocrx_word' id='word_1_311' title='bbox 733 3717 764 3727; x_wconf 92' lang='lat'><em>-</em></span> <span class='ocrx_word' id='word_1_312' title='bbox 799 3689 840 3743; x_wconf 89' lang='grc'>16.</span> <span class='ocrx_word' id='word_1_313' title='bbox 862 3691 905 3748; x_wconf 77' lang='lat' dir='ltr'>Ac</span> <span class='ocrx_word' id='word_1_314' title='bbox 922 3693 1075 3765; x_wconf 73' lang='lat' dir='ltr'>justitiae.)</span> <span class='ocrx_word' id='word_1_315' title='bbox 1100 3694 1193 3758; x_wconf 80' lang='lat' dir='ltr'>Febts,</span> <span class='ocrx_word' id='word_1_316' title='bbox 1215 3698 1246 3749; x_wconf 88' lang='lat' dir='ltr'><strong>V.</strong></span> <span class='ocrx_word' id='word_1_317' title='bbox 1280 3730 1317 3742; x_wconf 87' lang='lat'><em>-</em></span> 
     </span>
     <span class='ocr_line' id='line_1_37' title="bbox 202 3761 1321 3843; baseline 0.016 -24"><span class='ocrx_word' id='word_1_318' title='bbox 202 3763 242 3819; x_wconf 78' lang='grc'>17.</span> <span class='ocrx_word' id='word_1_319' title='bbox 259 3761 410 3836; x_wconf 71' lang='lat' dir='ltr'>Experto.)</span> <span class='ocrx_word' id='word_1_320' title='bbox 428 3767 487 3820; x_wconf 86' lang='lat' dir='ltr'>Non</span> <span class='ocrx_word' id='word_1_321' title='bbox 505 3773 643 3842; x_wconf 80' lang='lat' dir='ltr'>expers,V.</span> <span class='ocrx_word' id='word_1_322' title='bbox 664 3801 695 3811; x_wconf 95' lang='lat'><em>-</em></span> <span class='ocrx_word' id='word_1_323' title='bbox 721 3771 762 3827; x_wconf 82' lang='grc'>18.</span> <span class='ocrx_word' id='word_1_324' title='bbox 779 3771 906 3843; x_wconf 78' lang='lat' dir='ltr'>Eorum.)</span> <span class='ocrx_word' id='word_1_325' title='bbox 924 3775 1028 3841; x_wconf 77' lang='lat' dir='ltr'>Eurum,</span> <span class='ocrx_word' id='word_1_326' title='bbox 1045 3777 1076 3843; x_wconf 88' lang='lat' dir='ltr'>B,</span> <span class='ocrx_word' id='word_1_327' title='bbox 1088 3779 1120 3830; x_wconf 94' lang='lat' dir='ltr'>V.</span> <span class='ocrx_word' id='word_1_328' title='bbox 1138 3810 1170 3822; x_wconf 89' lang='lat'><em>-</em></span> <span class='ocrx_word' id='word_1_329' title='bbox 1194 3780 1236 3836; x_wconf 81' lang='grc'>19.</span> <span class='ocrx_word' id='word_1_330' title='bbox 1254 3781 1321 3836; x_wconf 77' lang='lat' dir='ltr'>Net-</span> 
     </span>
     <span class='ocr_line' id='line_1_38' title="bbox 201 3847 1321 3934; baseline 0.022 -34"><span class='ocrx_word' id='word_1_331' title='bbox 201 3847 293 3918; x_wconf 84' lang='lat' dir='ltr'>meri.)</span> <span class='ocrx_word' id='word_1_332' title='bbox 310 3851 347 3916; x_wconf 87' lang='lat' dir='ltr'>A;</span> <span class='ocrx_word' id='word_1_333' title='bbox 364 3871 493 3916; x_wconf 84' lang='lat' dir='ltr'>numerus,</span> <span class='ocrx_word' id='word_1_334' title='bbox 510 3853 542 3925; x_wconf 83' lang='lat' dir='ltr'>B.</span> <span class='ocrx_word' id='word_1_335' title='bbox 561 3885 592 3896; x_wconf 91' lang='lat'><em>-</em></span> <span class='ocrx_word' id='word_1_336' title='bbox 626 3855 668 3910; x_wconf 83' lang='lat'><strong>20.</strong></span> <span class='ocrx_word' id='word_1_337' title='bbox 690 3855 750 3925; x_wconf 83' lang='lat' dir='ltr'><strong>Ut.)</strong></span> <span class='ocrx_word' id='word_1_338' title='bbox 768 3855 860 3919; x_wconf 82' lang='lat' dir='ltr'>Feblt,</span> <span class='ocrx_word' id='word_1_339' title='bbox 876 3858 907 3921; x_wconf 89' lang='lat' dir='ltr'>B,</span> <span class='ocrx_word' id='word_1_340' title='bbox 927 3860 957 3912; x_wconf 88' lang='lat' dir='ltr'><strong>V.</strong></span> <span class='ocrx_word' id='word_1_341' title='bbox 978 3890 1008 3902; x_wconf 95' lang='lat'><em>-</em></span> <span class='ocrx_word' id='word_1_342' title='bbox 1042 3862 1086 3921; x_wconf 84' lang='lat'><strong>21.</strong></span> <span class='ocrx_word' id='word_1_343' title='bbox 1111 3864 1213 3934; x_wconf 76' lang='lat' dir='ltr'>Veros.)</span> <span class='ocrx_word' id='word_1_344' title='bbox 1228 3867 1321 3924; x_wconf 80' lang='lat' dir='ltr'>Veros</span> 
     </span>
     <span class='ocr_line' id='line_1_39' title="bbox 202 3932 1321 4024; baseline 0.014 -40"><span class='ocrx_word' id='word_1_345' title='bbox 202 3932 278 3998; x_wconf 86' lang='lat' dir='ltr'>filios,</span> <span class='ocrx_word' id='word_1_346' title='bbox 296 3932 333 3998; x_wconf 89' lang='lat' dir='ltr'>B,</span> <span class='ocrx_word' id='word_1_347' title='bbox 351 3935 381 3988; x_wconf 91' lang='lat' dir='ltr'>V.</span> <span class='ocrx_word' id='word_1_348' title='bbox 401 3965 432 3980; x_wconf 86' lang='lat'>-</span> <span class='ocrx_word' id='word_1_349' title='bbox 450 3937 490 3992; x_wconf 81' lang='lat'><strong>22.</strong></span> <span class='ocrx_word' id='word_1_350' title='bbox 509 3936 733 4008; x_wconf 72' lang='lat' dir='ltr'>Admirabilem.)</span> <span class='ocrx_word' id='word_1_351' title='bbox 752 3940 952 4006; x_wconf 71' lang='lat' dir='ltr'>V3a1nabilern,</span> <span class='ocrx_word' id='word_1_352' title='bbox 970 3947 999 3999; x_wconf 86' lang='lat' dir='ltr'><strong>A.</strong></span> <span class='ocrx_word' id='word_1_353' title='bbox 1017 3972 1049 3983; x_wconf 94' lang='lat'>-·</span> <span class='ocrx_word' id='word_1_354' title='bbox 1071 3947 1113 4004; x_wconf 80' lang='grc'>23.</span> <span class='ocrx_word' id='word_1_355' title='bbox 1131 3949 1321 4024; x_wconf 56' lang='lat' dir='ltr'>Amabam)</span> 
     </span>
     <span class='ocr_line' id='line_1_40' title="bbox 201 4017 1321 4152; baseline 0.021 -86"><span class='ocrx_word' id='word_1_356' title='bbox 201 4017 241 4152; x_wconf 52' lang='grc' dir='ltr'>ἔς</span> <span class='ocrx_word' id='word_1_357' title='bbox 258 4017 434 4085; x_wconf 72' lang='lat' dir='ltr'>inamabilem,</span> <span class='ocrx_word' id='word_1_358' title='bbox 453 4024 482 4074; x_wconf 92' lang='lat' dir='ltr'>A.</span> <span class='ocrx_word' id='word_1_359' title='bbox 509 4052 539 4064; x_wconf 95' lang='lat'><em>-</em></span> <span class='ocrx_word' id='word_1_360' title='bbox 575 4025 615 4078; x_wconf 80' lang='grc'>21.</span> <span class='ocrx_word' id='word_1_361' title='bbox 634 4023 750 4096; x_wconf 75' lang='lat' dir='ltr'>Sacru.)</span> <span class='ocrx_word' id='word_1_362' title='bbox 768 4026 798 4076; x_wconf 90' lang='lat' dir='ltr'>ln</span> <span class='ocrx_word' id='word_1_363' title='bbox 814 4026 907 4104; x_wconf 74' lang='lat' dir='ltr'>sacris,</span> <span class='ocrx_word' id='word_1_364' title='bbox 923 4029 954 4080; x_wconf 90' lang='lat' dir='ltr'>V.</span> <span class='ocrx_word' id='word_1_365' title='bbox 981 4021 1012 4074; x_wconf 63' lang='lat' dir='ltr'>-ss</span> <span class='ocrx_word' id='word_1_366' title='bbox 1046 4032 1088 4089; x_wconf 80' lang='grc'>25.</span> <span class='ocrx_word' id='word_1_367' title='bbox 1106 4033 1201 4106; x_wconf 64' lang='lat' dir='ltr'>Diei.)</span> <span class='ocrx_word' id='word_1_368' title='bbox 1225 4035 1321 4104; x_wconf 80' lang='lat' dir='ltr'>Feblt,</span> 
     </span>
    </p>
   </div>
   <div class='ocr_carea' id='block_1_6' title="bbox 0 0 1418 5009">
    <p class='ocr_par' dir='ltr' id='par_1_6' title="bbox 0 0 1418 5009">
     <span class='ocr_line' id='line_1_41' title="bbox 0 0 1418 5009; baseline 0 3"><span class='ocrx_word' id='word_1_369' title='bbox 0 0 1418 5009; x_wconf 95' lang='lat' dir='ltr'> </span> 
     </span>
    </p>
   </div>
  </div>
 </body>
</html>
