2825 5009
225 307 287 376 122
370 343 374 348 ·

221 466 289 526 silio
304 465 439 524 adierunt
452 463 520 522 duas
534 461 651 534 insulas,
664 459 777 520 scilicet
790 459 913 520 Ronceb
928 469 959 518 et
971 458 1065 518 Eebin
1078 460 1114 534 ¹).
1145 458 1315 535 Cadocust)

222 556 343 616 intravit
360 555 569 635 proximiorem
582 553 726 626 Walliae,
745 552 849 613 Gildas
867 552 1050 631 adjacentem
1061 553 1197 633 Angliae.
1228 551 1315 612 Nolo·
1381 618 1382 629 χ

222 650 296 709 bant
324 649 460 728 impediri
489 649 520 706 in
551 644 747 706 ecclesiastico
767 645 877 706 ollicio
908 666 924 704 a
952 645 1131 704 confluentia
1160 644 1317 720 bominum,

221 752 382 822 propterea
406 739 578 800 nesciebant
602 737 715 815 melius¹
730 738 885 800 consilium
910 760 996 818 quam
1019 739 1189 818 relinquere
1209 737 1316 798 Carba-

221 854 289 894 nam
308 833 424 892 Vallem
450 844 482 892 et
505 831 584 891 adire
608 829 736 892 insulare
759 841 912 891 secretum.
957 830 1103 909 Gitdw)
1133 829 1315 890 fundavitiu

221 925 337 985 bonore
356 935 473 986 sanctae
494 935 524 984 et
541 922 707 983 individuae
728 921 881 984 Trinitatis
901 926 1077 998 oratorium,
1101 935 1132 984 ct
1154 924 1234 1002 juxta
1251 923 1317 984 illud

222 1038 305 1080 suum
325 1017 507 1092 cubiculum3
532 1037 594 1076 non
620 1015 651 1074 in
676 1015 729 1075 illo
754 1026 853 1074 tamen
874 1015 1000 1076 babebat
1019 1037 1101 1076 suum
1126 1016 1249 1095 lectum,
1272 1018 1315 1076 sed

220 1111 274 1172 sub
296 1109 352 1170 alta
371 1131 445 1190 rupe
465 1111 607 1190 positum,
633 1108 685 1168 ubi
707 1107 826 1186 jacebat
850 1127 942 1187 usque
964 1109 1090 1169 mediam
1109 1120 1229 1168 noctem
1248 1110 1316 1191 vigi-

221 1206 285 1264 lans
315 1215 345 1263 et
375 1223 461 1264 orans
490 1197 577 1282 supra
605 1213 720 1281 petram
749 1202 983 1281 omnipotentem
1013 1201 1120 1262 Deum.
1162 1201 1314 1281 Deindc⁴)

222 1297 319 1362 adibat
338 1296 488 1356 ecclesiam
508 1296 669 1376 frigescens
689 1294 822 1368 nimium,
840 1293 932 1374 frigus
951 1306 1015 1352 erat
1034 1297 1062 1354 ei
1086 1294 1171 1356 dotto
1192 1306 1223 1354 ct
1246 1296 1315 1354 tolc-

219 1388 314 1450 rabile
334 1399 456 1468 propter
475 1389 581 1450 Deum.
620 1386 937 1448 Pisciculus-trahebat
960 1407 978 1445 a
1002 1389 1059 1447 reti
1083 1398 1113 1448 et
1137 1408 1193 1450 ova
1211 1409 1229 1448 a
1248 1388 1315 1448 nidis

189 1482 390 1556 uolucrum,
418 1481 498 1542 uude
524 1481 657 1555 vivebat,
689 1481 772 1560 quod
800 1481 856 1542 sibi
879 1480 1045 1542 sufficiebat
1076 1481 1113 1541 ad
1145 1481 1315 1542 alimentum.

202 1574 364 1640 *visitabat
386 1593 461 1634 uuus
486 1575 625 1649 alternm3
654 1572 835 1632 remanentia
863 1573 929 1634 talis
954 1572 1069 1636 duravit
1091 1573 1188 1654 spatio
1212 1580 1315 1654 sc'ptem

141 1716 148 1727 .
219 1685 374 1729 annorum·

659 1894 661 1898 ,
721 1831 749 1914 §.
770 1839 817 1900 to.

242 1945 265 2038 ’Χ
297 1945 432 2006 Summus
467 1943 595 2004 Creator
624 1943 726 2004 videus
755 1937 838 2004 snum
865 1944 983 2004 Gildam
1016 1944 1154 2008 dilectum
1185 1944 1316 2005 famulum

223 2056 324 2099 carere
345 2035 470 2096 durabili
495 2055 569 2116 aqua
594 2038 755 2116 praeter⁸)
778 2047 874 2117 guttas
899 2035 1056 2114 pluviales,
1082 2057 1156 2117 qnae
1181 2037 1317 2098 cadebant

218 2149 305 2209 super
323 2149 389 2190 saxa
410 2140 440 2190 et
459 2149 533 2208 quac
552 2129 758 2188 retinebantur
776 2128 972 2205 cadentesl),
996 2129 1068 2190 lecit
1086 2129 1181 2195 rivum
1201 2131 1315 2191 effluere

219 2223 255 2283 de
281 2241 355 2302 rupe
382 2221 455 2297 alta,
482 2222 531 2301 qui
559 2219 671 2281 effluxit
696 2232 727 2280 ct
752 2219 847 2280 cllluit
867 2231 898 2279 et
920 2221 1054 2281 mauebit
1071 2222 1136 2281 sine
1156 2223 1315 2283 defectione

218 2315 323 2394 aliqua.
367 2314 446 2382 Dum
472 2317 513 2373 sic
537 2323 740 2391 perseveraret
764 2312 795 2371 S.
824 2311 927 2372 Gildas
951 2314 1082 2373 intentus
1105 2315 1224 2394 jejuniis
1232 2319 1262 2394 ⁷)
1290 2327 1315 2374 ct

217 2405 413 2481 orationibus,
432 2415 577 2466 venerunt
595 2405 749 2483 piratac⁸)
769 2405 806 2463 de
826 2403 928 2464 insulis
946 2404 1121 2481 orcadibus,
1142 2409 1191 2486 qui
1211 2409 1314 2468 afflixe-

217 2510 287 2560 runt
311 2498 409 2574 illum,
438 2498 528 2576 raptis
554 2496 590 2556 ab
617 2516 653 2556 eo
679 2496 738 2558 suis
764 2496 880 2556 famulis
904 2498 1098 2558 servientibus
1124 2511 1154 2558 ct
1179 2501 1270 2561 ductis
1286 2501 1313 2559 iu

217 2592 332 2654 exilium
351 2612 417 2652 cum
436 2585 537 2670 sp‘oliis
558 2601 588 2648 et
608 2588 743 2648 omnibus
762 2609 831 2649 suae
850 2588 1040 2649 habitationis
1062 2591 1313 2670 suppellectilibus.

42 2765 50 2791 ,
69 2657 189 2809 Moab
206 2650 306 2745 'llndc
326 2683 452 2743 afflictus
472 2681 594 2740 nimium
613 2699 677 2739 non
696 2679 795 2760 potuit
817 2679 859 2739 ibi
883 2680 1006 2760 amplius
1031 2682 1178 2759 babitare,
1202 2685 1314 2766 reliquit
1383 2688 1384 2691 ,

32 2820 47 2870 μ
112 2835 156 2882 ,ἡ
184 2835 191 2842 ,
216 2777 355 2852 insulam,
385 2773 515 2836 ascendit
540 2771 1313 2882 naviculaptphqblggQQQtP-nia‘mssw

44 2879 140 2948 5=7..’=‘'
209 2849 673 2950 ¹mii'g'iid'“ilirTo'i'e',milleli'as's⁹)
712 2865 848 2945 regem)
887 2878 1031 2948 regnante
1069 2889 1100 2925 1n
1133 2869 1241 2932 aestiva
1270 2891 1312 2930 re·

71 2941 79 2956 Ρ
127 2987 131 2998 ι
185 2969 193 2984 x
234 2945 1252 2995 Μ,Μ

130 3057 134 3065 f

121 3095 128 3110 Α.

102 3109 122 3140 ‚J

283 3081 306 3136 1.
324 3075 484 3136 bonactus
500 3075 613 3146 Echio.)
637 3074 713 3130 chi
729 3075 815 3128 luscln
831 3074 869 3128 im
885 3075 977 3129 Florae
993 3077 1104 3141 savem,
1121 3079 1233 3132 Namens
1248 3079 1312 3131 Flat-

215 3165 288 3219 bolm
305 3165 359 3216 und
376 3161 520 3232 Stepholm.
556 3161 668 3216 Cumden
693 3159 764 3226 gicbt
783 3160 838 3212 ibre
862 3159 984 3213 britisebc
1004 3163 1104 3216 Nameu
1125 3182 1169 3216 so:
1202 3165 1312 3230 „Rcoric

214 3250 268 3302 und
284 3248 391 3300 Echin”.
424 3247 489 3299 Brit.
508 3245 650 3300 col.1049.
685 3245 789 3298 Uabcr’a
810 3245 877 3296 Text
898 3244 969 3297 licsts
1002 3236 1111 3298 Roncob
1131 3261 1157 3299 et
1174 3248 1263 3301 Ecbiu.
1284 3277 1312 3290 ·-

214 3332 239 3388 2
265 3329 388 3386 Codrum
406 3357 437 3368 -
455 3329 608 3398 nolebant.)
636 3319 715 3382 F'eblt
740 3328 783 3380 bei
805 3328 896 3381 Urbes.
921 3356 952 3369 ·-
987 3329 1012 3384 3.
1040 3327 1139 3383 Gelidus
1155 3359 1189 3374 -·
1205 3333 1313 3401 ἅμα.)

215 3415 294 3470 Fcblt
310 3415 354 3468 bei
370 3414 462 3468 Usbcr.
480 3441 512 3456 -
543 3414 567 3468 4.
584 3411 696 3468 Dmtidc
713 3441 745 3457 ·-
762 3412 875 3482 namn.)
892 3413 970 3466 Foblt
985 3414 1013 3466 in
1028 3414 1060 3467 B.
1078 3443 1111 3456 ··-
1137 3414 1162 3468 5.
1178 3415 1313 3483 statari)

214 3501 338 3569 Propter,
357 3500 388 3551 Α.
408 3526 440 3538 -
474 3497 499 3553 6.
518 3495 676 3567 Cedentes.)
695 3497 830 3562 Cadentia,
847 3499 925 3552 MSS.
947 3524 980 3538 -··
1015 3499 1038 3552 7.
1055 3497 1174 3568 luente
1189 3528 1224 3542 ·-
1239 3515 1312 3554 oene-

213 3585 306 3653 rtml.)
326 3581 434 3654 iejuniis
456 3597 482 3634 et
498 3581 653 3636 cautionibus
671 3581 733 3652 (l),
758 3582 802 3651 qni
813 3581 969 3634 afflixerunt
990 3581 1066 3634 illurn
1080 3597 1216 3648 venerunt,
1237 3585 1267 3638 B.
1283 3611 1311 3624 -··

213 3668 240 3724 8·
257 3667 399 3736 Piratae.)
424 3665 538 3720 camden
563 3681 617 3732 saga
642 3683 693 3718 von
720 3665 808 3719 diesen
829 3668 915 3719 lusoln
939 3667 968 3719 in
993 3669 1040 3720 der
1065 3668 1175 3721 Sevcrn:
1208 3669 1313 3724 vormals

213 3770 301 3806 waren
318 3751 355 3804 sie
373 3751 487 3802 dadurcb
497 3750 625 3814 beriibrnt,
642 3751 699 3802 dass
715 3743 836 3802 niemaud
852 3753 943 3803 andero
959 3751 996 3804 uls
1009 3753 1101 3805 Dinon
1115 3755 1175 3804 dort
1191 3755 1311 3806 laudctcn.
1383 3733 1385 3749 Ι

213 3835 277 3890 Brit.
295 3835 358 3888 ibid.
377 3865 410 3874 -
443 3834 469 3888 9.
489 3834 594 3888 Melsos
611 3861 643 3874 ·-
660 3837 796 3904 ragione.)
820 3836 899 3887 retu
919 3835 963 3887 bei
980 3836 1072 3906 capgr.
1089 3865 1121 3881 -
1156 3837 1197 3893 10,
1213 3839 1313 3892 Malous
1383 3830 1385 3855 l

213 3919 302 3988 rege.)
328 3919 455 3984 Obglsicb
478 3919 615 3972 Gucusver
635 3919 754 3972 awcimal
774 3939 827 3971 von
847 3921 944 3972 Artbur
967 3920 1109 3984 cntlaufcn,
1136 3923 1256 3975 so'stcbt
1274 3922 1312 3972 dic

214 4003 308 4065 Stolle,
331 3995 432 4069 ivclobo
449 4004 529 4068 lolgt,
552 4003 621 4056 doeh
637 4003 686 4055 mit
703 4005 753 4056 deu
769 4004 905 4070 allgemciu
921 4023 1138 4071 augcnomrnencu
1157 4006 1312 4059 Ausonititen
1383 4042 1385 4069 ,

213 4087 241 4142 ln
258 4086 466 4157 Widerspruch,
488 4088 598 4142 monach
614 4089 723 4141 Aratus
744 4090 835 4154 Nolle,
857 4089 983 4153 Modrcd,
1008 4091 1056 4141 der·
1072 4089 1227 4142 Tbcilbabcr
1249 4090 1311 4140 ihrer

213 4170 357 4244 Vergehcnr
375 4181 437 4234 v'var,
453 4172 506 4223 und
525 4172 621 4226 Artbur
638 4191 670 4226 an
687 4173 739 4224 deu
749 4173 879 4229 Wnndcn
897 4175 974 4237 starb,
990 4173 1034 4226 die
1051 4193 1080 4226 cr
1096 4175 1124 4228 in
1139 4175 1187 4226 dea
1198 4173 1311 4227 Seblaclu
