2825 5009
1176 350 1321 445 rs·v

101 512 285 569 nostrornm
304 509 418 585 septem
437 500 632 580 imperatores
652 502 773 568 fuerunt
791 521 808 563 a
825 503 968 588 Romanis
990 503 1029 575 in·
1041 502 1219 589 Brittannia,

109 581 242 653 Romani
260 603 358 653 autem
379 592 480 655 dieunt
497 613 605 655 novem
626 594 723 663 luisse.
813 648 816 654 ,
1111 655 1114 663 ,

121 702 126 709 ·
192 685 320 748 Octavus
340 685 397 745 fuit
415 686 486 773 alius
506 686 649 761 Severus,
675 686 726 765 qui
745 688 902 765 aliqnando
922 685 954 747 in
973 690 1137 756 Brittannia
1156 712 1218 752 ma-

110 778 223 852 nebat,
243 778 402 856 aliquando
422 780 459 841 ad
478 773 602 847 Romam
622 776 701 853 ibat,
722 790 752 839 et
769 778 814 838 ibi
833 780 987 844 defunctus
1007 793 1060 846 est.

190 873 295 932 Nonus
333 874 384 932 uit
404 869 486 943 Coos
518 872 561 930 n'
597 914 603 929 .
642 872 715 951 Jpse
745 874 882 954 regnavit
909 875 1053 943 sexdecim
1079 877 1161 941 annis
1186 880 1219 938 in

107 964 306 1040 Brittannia„
321 976 351 1023 et
370 966 569 1029 sextodecimo
583 967 611 1043 ¹)
637 980 717 1026 anno
742 964 857 1045 imperii
876 967 920 1027 sni
945 967 1071 1046 obitu),
1087 969 1119 1029 in
1137 969 1218 1038 Brit,-

109 1055 265 1135 tannial).
303 1084 306 1091 ’

190 1284 349 1364 Hucusque
370 1294 568 1365 regnaverunt
585 1284 714 1344 Romani
734 1286 811 1363 apud
825 1286 976 1346 Brittones
997 1265 1218 1369 quadringentis

112 1388 145 1438 et
165 1396 271 1461 novem
290 1376 381 1438 annis.
421 1376 571 1436 Brittones
598 1377 936 1456 autemdejecerunt⁴)
958 1399 1083 1460 regnum
1107 1379 1218 1459 Roma-

109 1490 237 1542 norum,
264 1489 361 1550 neque
382 1485 501 1529 censum
522 1469 667 1529 dederunt
686 1470 759 1546 illis,
786 1489 884 1549 neque
903 1492 989 1552 reges
1009 1491 1112 1531 eorum
1132 1492 1218 1549 acce·
1299 1518 1301 1521 <

109 1573 231 1644 perurat,
249 1573 283 1622 nt
301 1574 462 1644 regnarent
480 1582 569 1639 snper
588 1582 654 1637 eos,
674 1575 772 1642 neque
791 1562 918 1623 Romani
938 1564 999 1625 ausi
1018 1575 1096 1639 sunt,
1114 1575 1148 1625 nt
1165 1585 1218 1625 ve-

108 1656 213 1716 nirent
235 1652 431 1715 Brittanniam
458 1656 493 1714 ad
517 1656 701 1735 regnandum
727 1654 864 1735 amplius,
896 1656 963 1735 quia
988 1657 1078 1717 duces'
1099 1655 1217 1715 illorum

106 1748 264 1809 Brittones
284 1748 462 1809 occiderant.
1109 1768 1112 1775 ·

504 1941 508 1952 ,
614 1870 709 1956 §.aa

188 1986 300 2047 Iterum
331 1971 510 2063 repetendus
541 1994 585 2042 est
612 2003 710 2055 sermo
739 1984 776 2044 de
805 1983 981 2046 Maximiano
997 1985 1033 2061 ⁶)
1064 1983 1217 2065 Tyranno.
1263 1991 1278 2051 <t

109 2076 272 2139 Gratianus
293 2076 511 2153 cum-fratret)
531 2068 784 2161 valentinianol)
803 2077 940 2157 regnavit
956 2098 1006 2142 sex
1024 2076 1161 2153 annis⁸);
1187 2088 1218 2142 et
1271 2051 1285 2154 i,

108 2168 286 2235 Ambrosius
305 2168 535 2253 mediolanensis
556 2167 713 2249 episcopus
733 2167 828 2228 clarus
846 2168 1010 2229 habebatur
1028 2169 1060 2226 in
1081 2166 1217 2239 Catholi—

108 2276 215 2351 eornm
239 2262 386 2343 dogmate
425 2260 658 2330 Valentinianus>
673 2283 739 2326 cum
766 2253 940 2324 Theodosio
968 2258 1104 2349 regnarit
1133 2260 1216 2322 annis

108 2358 233 2433 oet09).
274 2353 412 2435 Synodns
425 2352 726 2432 ‚Constantinopolim
747 2352 898 2435 colligitur
917 2374 933 2412 a
955 2352 1093 2418 trecentis
1115 2351 1217 2436 decern

108 2460 141 2509 et
162 2446 461 2527 oetopatribus10),
481 2449 511 2506 in
538 2466 594 2525 qua
616 2465 717 2508 omnes
737 2445 871 2507 haereses
892 2446 1074 2511 damnantur.
1106 2444 1217 2515 Hiero,-

108 2559 218 2621 nymns
242 2552 304 2599 tum
327 2539 484 2620 presbyter
506 2538 661 2598 Bethleem
686 2538 718 2597 in
743 2548 808 2597 toto
842 2540 952 2602 mundo
985 2537 1097 2600 claruit
1135 2538 1216 2598 Dum

100 2634 272 2696 ‘Gratianus
293 2632 448 2711 imperium
468 2630 591 2711 regebat
610 2630 641 2691 in
662 2642 728 2695 toto
754 2631 881 2705 mundo,
906 2631 938 2692 in
957 2629 1136 2703 Brittannia,
1161 2649 1217 2708 per

109 2727 290 2789 seditionem
310 2724 448 2797 militum,
468 2724 662 2799 Maximus¹')
681 2724 843 2803 imperator
863 2723 954 2786 lactus
975 2734 1027 2784 est.
1067 2721 1130 2797 Qui
1148 2737 1217 2791 moa

112 2824 184 2881 dum
203 2819 233 2879 in
254 2818 365 2896 Gallias
385 2816 602 2893 transfretaret,
624 2816 784 2877 Gratianus
804 2815 936 2891 Parisiis,
955 2814 1216 2891 Meroblaudis¹²)

110 2952 313 2968 W

182 3039 204 3093 1.
222 3036 434 3107 sextodecimo.)
452 3036 688 3109 septimodecimo,
705 3038 745 3100 G,
762 3038 799 3101 H,
816 3039 852 3103 P,
867 3038 904 3101 R,
923 3056 948 3100 a,
965 3040 991 3089 b.
1009 3065 1042 3077 ·-
1074 3036 1101 3092 2.
1119 3036 1216 3103 Otrt't.)

111 3122 198 3189 Obiit,
218 3124 290 3191 quasi
306 3124 369 3177 dolo
388 3121 515 3173 voraciter
531 3122 629 3175 occisus
646 3122 674 3173 in
689 3121 830 3185 Britannia,
846 3136 875 3176 nt
892 3123 977 3186 aiunt,
993 3123 1038 3184 ita,
1054 3135 1083 3172 nt
1100 3121 1216 3185 legimns,

110 3206 318 3276 apuderitonee
339 3218 507 3271 regnavemnt
523 3206 634 3257 Romani
656 3224 703 3275 per
718 3204 771 3261 408
791 3224 882 3268 annos,
908 3225 936 3263 a,
964 3204 1041 3267 Obiit
1062 3204 1126 3264 dolo
1148 3203 1217 3279 occi-

108 3310 169 3353 sus,
187 3291 216 3353 P.
236 3292 267 3342 -ὲ
302 3290 533 3358 3,·Βνιζΐΐαιιιιία.)
549 3290 693 3353 Britannia,
710 3290 834 3355 Eboraci,
851 3304 882 3343 ut
896 3290 1000 3355 diem,
1016 3289 1056 3352 D,
1073 3288 1168 3353 E,'G,
1183 3289 1216 3352 ll,

109 3374 149 3437 P,
165 3375 196 3426 B.
215 3404 246 3417 -
281 3375 305 3429 ll.
329 3374 523 3443 Dejeoeruat.)
544 3373 607 3427 Dies
624 3377 715 3432 Wort
734 3376 768 3427 ist
789 3376 816 3427 in
833 3376 854 3427 P
872 3374 1072 3441 ansgeaniehen,
1089 3373 1143 3425 nod
1164 3389 1216 3432 ron

111 3458 261 3527 demselben
288 3459 423 3521 Srhreiber
450 3472 640 3525 rontcmemnt
662 3460 737 3511 dalhr
757 3458 976 3523 bingeacbrieben..
997 3488 1027 3498 -
1063 3458 1088 3510 5.
1111 3456 1217 3513 Mwi·

107 3543 229 3611 maban)
245 3542 376 3607 Maximo,
393 3542 428 3596 t..
439 3574 472 3593 ψ
499 3542 523 3596 6.
540 3542 667 3611 Fratre.)
683 3542 777 3605 Patre,
794 3543 872 3596 MSS.
887 3556 924 3589 ¹-
949 3541 973 3594 t.
998 3540 1215 3612 Valentiniana)

108 3624 306 3699 Valentiniano,
323 3629 360 3693 A;
376 3627 546 3690 valentiano,
560 3627 597 3692 B,
615 3625 766 3689 Valentino,
789 3646 811 3679 a.
830 3656 863 3665 -
895 3624 921 3680 8·
939 3623 1117 3695 Seoewm'e.)
1135 3625 1215 3679 Annis

109 3709 207 3774 trihus,
227 3710 272 3775 D,
292 3711 329 3775 E,
351 3710 390 3774 G,
412 3712 447 3775 P,
470 3713 509 3779 R,
532 3711 601 3763 annis
625 3724 741 3780 septem,
764 3730 787 3765 a.
808 3741 840 3753 -
874 3710 899 3765 9.
921 3709 1011 3765 Annis
1027 3712 1109 3781 octo.)
1135 3708 1216 3764 Annis

107 3808 224 3865 septem,
241 3794 271 3860 E,
290 3820 321 3833 ·-·
359 3794 397 3849 10.
420 3794 512 3852 A3l8
530 3796 682 3865 pomaeo.)
706 3798 732 3849 A
748 3795 800 3871 350
817 3795 945 3865 patribus,
962 3795 1002 3857 D,
1018 3796 1055 3860 E,
1073 3796 1111 3858 G,
1128 3795 1167 3858 Η,
1184 3794 1232 3859 P,

107 3878 148 3941 Il,
171 3898 192 3931 a.
212 3908 244 3947 “7
279 3878 319 3945 11.
344 3876 504 3949 Maximus.)
527 3875 710 3945 Mniimianns,
734 3881 812 3933 Mss.
831 3903 869 3942 *f-
899 3877 951 3932 ’12
983 3879 1101 3933 Pontio
1126 3873 1217 3937 Morb-

108 3960 242 4035 bdmtdt'a.)
263 3962 315 4029 Die
333 3962 395 4029 Mes.
418 3961 475 4013 sind
491 3963 546 4017 bier
566 3966 697 4027 verderht,
721 3967 776 4018 und
795 3964 833 4023 ist,
851 3966 898 4019 dec
913 3964 980 4016 Text
1004 3962 1085 4018 durch
1101 3961 1216 4027 Vertlei·
1274 3986 1281 3995 ²

108 4046 281 4121 chunelihrer,
293 4048 414 4102 Leranten
437 4046 486 4099 mit
501 4045 615 4119 Prosper
632 4066 684 4104 von
691 4048 859 4118 Aquitanica,
877 4047 918 4121 [d.
939 4068 962 4100 a.
978 4045 1044 4117 384]
1062 4066 1107 4099 aua
1125 4048 1216 4103 dener

4 4168 9 4175 .
108 4123 226 4196 Chronik
244 4130 701 4205 einstgrosser'lfheilihrerrlngabcn
719 4134 783 4185 iiber
798 4133 841 4185 die
859 4134 953 4184 letzten
971 4130 1222 4191 romischenKaiser'

107 4215 232 4273 extrahirt
248 4215 295 4281 iat„
312 4218 453 4287 rerbessert
466 4218 585 4281 worden.
603 4242 635 4257 -
