2825 5009
129 316 256 589 J
590 558 597 572 .
692 461 746 573 ‚i
767 470 814 580 ιι.

83 552 124 665 lsi
271 564 389 625 Interea
420 558 629 633 Guortltetnrr,
658 556 735 619 filius
765 556 978 639 (ruortbigirn,
1012 576 1080 619 cum
1110 558 1265 641 Hengiato
1299 569 1341 620 et

17 617 88 813 ιιι-4
120 637 124 643 ⁸
214 658 328 731 floreo,
346 666 377 715 et
397 674 462 714 cum
482 662 573 733 gente
594 648 722 725 illorum,
741 648 911 730 petulanter
925 650 1090 732 pugnabat,
1108 661 1139 711 et
1156 670 1210 736 eos
1228 672 1341 732 neque
1412 745 1413 748 Ἴ

6 714 18 752 i
54 738 58 749 ’
214 750 251 811 ad
270 746 466 828 supradictam
485 743 625 818 insulam,
645 762 720 822 quae
739 752 861 805 vocatur
880 742 994 819 Tenet,
1019 743 1140 823 expulit,
1160 754 1190 805 et
1207 764 1266 805 eos
1285 744 1342 805 ibi
1412 757 1413 762 ’

214 840 309 903 tribua
325 838 445 903 ¹vicibus
472 836 633 911 conclusit,
657 835 789 913 obsedit,
813 834 973 917 percussit,
1001 836 1190 913 comminuit,
1206 838 1341 899 terruit.

216 936 258 993 Et
278 932 334 1013 ipsi
355 932 471 1013 legatos
495 929 573 989 ultra
598 946 677 987 mare
702 927 847 1008 usquein
868 928 1058 991 Germaniam
1076 929 1342 1009 immittebant,

214 1025 349 1089 vocando
379 1024 470 1087 ciulas
500 1044 565 1087 cum
597 1022 712 1103 ingenti
742 1040 866 1082 nurnero
896 1021 1073 1088 bellatorum
1098 1024 1237 1086 unorum.
1286 1026 1337 1084 Et

213 1130 318 1198 postea
337 1118 510 1201 pugnabant
529 1127 633 1177 contra
653 1134 739 1195 reges
757 1124 877 1177 nostrae
889 1114 921 1192 ¹)
940 1116 1052 1197 gentis:
1078 1118 1235 1198 aliquando
1257 1118 1337 1179 vin-

215 1210 324 1273 cebant
353 1222 384 1273 et
409 1210 570 1273 dilatabant
601 1208 745 1271 terminos
775 1227 859 1280 suos,
886 1206 1046 1287 aliquando
1074 1210 1272 1279 vincebantur
1296 1222 1357 1279 et.

218 1304 448 1383 expellebantur.

720 1451 750 1533 §-
769 1459 816 1518 ιι.

57 1594 63 1655 p
104 1548 189 1677 μω
270 1569 513 1631 lttGuorthemtr
524 1576 627 1629 contra
637 1565 705 1625 illos
717 1576 862 1655 quatuor
854 1564 932 1624 bella
944 1566 1027 1627 avide
1037 1566 1178 1647 gess1t²)
1190 1568 1334 1633 Primum

15 1642 39 1752 ll
71 1654 95 1679 '⁰
116 1678 121 1685 '
214 1660 621 1741 bellumut³)supradic“tum
634 1656 691 1734 est,
701 1636 918 1719 secundani
873 1641 1335 1743 superflumenttergueutid⁴);

284 1822 308 1878 1.
325 1822 422 1893 Reges
438 1821 573 1893 nostrae.)
589 1823 673 1886 Reges
693 1832 719 1871 et
734 1816 866 1889 principes
881 1818 1057 1884 Britannicae,
1073 1833 1146 1873 ι.“-
1167 1823 1193 1878 2.
1212 1824 1337 1899 Gessit.)

214 1906 308 1961 Gessit.
342 1910 394 1960 Iste
412 1906 563 1961 Guortemir
578 1904 646 1957 filius
657 1902 823 1969 Gorthegirni
840 1902 868 1954 in
885 1902 984 1975 synodo
1002 1904 1087 1957 habita
1104 1908 1174 1976 apud
1184 1906 1336 1963 Gerr-ther·
1412 1950 1413 1955 ,

213 1992 257 2043 nia
338 2004 454 2061 ostquam
468 1990 590 2043 nefandus
609 2008 667 2051 rex,
686 1990 722 2039 ob
737 1986 864 2039 incestum
882 1989 952 2057 quod
970 2008 1029 2041 cum
1044 1988 1099 2042 lilia
1116 1992 1300 2059 commiserat,
1318 2016 1336 2048 a

158 2070 179 2116 ⁴³·
213 2010 428 2163 affluerunt
454 2089 480 2127 et
505 2074 658 2126 clericorum
683 2070 830 2125 Britanniae
853 2071 880 2123 in
903 2072 990 2138 fugam
1010 2072 1074 2138 iret,
1095 2076 1174 2146 patris
1195 2078 1336 2148 nequitiae

215 2160 359 2213 consentire
377 2160 476 2225 noluit,
501 2161 545 2212 sed
562 2159 662 2211 rediens
680 2158 714 2209 ad
730 2156 758 2210 S.
776 2157 935 2211 Gennanum
952 2160 985 2210 ad
1001 2160 1081 2229 pedes
1098 2161 1154 2232 ejus
1171 2163 1269 2215 cecidit
1288 2184 1336 2218 ve-

213 2246 284 2301 niam
305 2248 453 2317 postulans,
475 2259 551 2315 atque
572 2264 621 2313 pro
645 2244 719 2297 illata
740 2262 755 2295 a
777 2257 850 2313 patre
871 2263 918 2295 suo
937 2257 963 2295 et
975 2262 1068 2300 aurore
1090 2246 1116 2300 S.
1135 2246 1268 2301 Germano
1290 2270 1336 2306 ea·

214 2331 325 2395 lamnia,
356 2345 451 2385 terram
480 2330 575 2400 ipsam,
604 2330 630 2381 in
659 2348 710 2401 qua
734 2329 880 2398 praedictus
910 2330 1045 2408 episcopua
1074 2332 1245 2401 opprobrium
1276 2336 1335 2389 tale

213 2414 347 2480 sustinuit,
366 2416 392 2469 in
410 2429 542 2469 aeternnm
559 2434 630 2467 suam
646 2415 704 2467 lieri
723 2412 837 2467 swcivit.
863 2413 939 2468 Unde
957 2427 983 2467 et
1000 2414 1027 2467 in
1043 2417 1197 2471 memoriam
1212 2419 1241 2477 S.
1257 2420 1336 2475 Ger.

214 2499 285 2555 mani
307 2499 488 2557 Guarenniaun
507 2498 754 2574 [Guartheuniaun]
776 2516 873 2551 nomeu
894 2498 1008 2570 accepit,
1033 2503 1106 2572 quod
1126 2503 1216 2556 Latine
1237 2520 1336 2562 sonata

214 2586 367 2653 „calumnia
387 2587 453 2660 juste
475 2590 601 2649 retorsa,“
625 2583 748 2657 quoniam
771 2604 831 2635 cum
849 2584 999 2655 episcopum
1016 2586 1161 2657 vituperare
1183 2604 1334 2660 putaverat,

140 2662 142 2666 ⁸
175 2662 177 2665 ⁵
214 2672 381 2740 semetipsum
397 2670 527 2741 vituperio
546 2669 642 2721 affecit.
663 2703 697 2716 -
724 2668 875 2719 Guortemir
892 2688 963 2733 vero,
981 2686 1088 2741 accepto
1104 2692 1198 2740 regno,
1215 2675 1334 2730 viriliter

213 2754 330 2807 hostibus
349 2754 462 2818 obsistit,
485 2754 529 2824 qui
551 2768 635 2807 tantae
651 2751 832 2821 magnitudinis
849 2772 903 2805 esse
926 2768 953 2807 et
970 2756 1072 2809 virtutis
1088 2757 1234 2823 dicebatur,
1254 2775 1290 2813 ut
1307 2762 1333 2815 si

215 2842 317 2910 quando
335 2840 414 2893 iratus
430 2838 546 2891 inbelle
564 2837 711 2901 dimicaret,
735 2851 839 2907 accepta
856 2840 947 2892 arbore
965 2861 1025 2893 cum
1040 2841 1191 2905 frondibus,
1206 2843 1333 2911 funditus

214 2923 376 2993 exstirparet,
398 2937 424 2977 et
441 2943 501 2976 cum
518 2942 548 2975 ea
564 2924 694 2975 solotenus
712 2923 872 2977 adversarios
888 2940 1069 2994 prosterneret.
1104 2928 1172 2982 Cum
1188 2929 1236 2982 tali
1253 2931 1332 2985 enim

213 3010 305 3067 arbore
321 3008 432 3075 Homarn
449 3007 588 3089 satellitem
604 3007 769 3072 bellicosum,
787 3010 947 3063 confractis
939 3031 966 3065 ιιι
983 3012 1135 3067 alterutrum
1152 3014 1238 3080 armis,
1254 3016 1331 3087 pene

214 3091 321 3145 defectis
339 3091 444 3159 viribus,
459 3092 611 3162 prostravit,
629 3106 779 3164 ceterosque
796 3094 824 3147 iu
839 3096 926 3162 sugam
943 3115 1038 3161 versos,
1055 3112 1085 3150 ut
1100 3099 1223 3172 stipulas,
1240 3116 1329 3155 terrae

213 3175 310 3239 allidit,
336 3189 363 3228 et
387 3196 417 3230 ex
441 3174 559 3229 omnibus
581 3175 674 3229 linibus
696 3177 843 3231 Britanniae
866 3179 977 3250 expulit,
1002 3197 1029 3234 et
1049 3203 1098 3253 per
1118 3186 1330 3258 quinquennium

212 3273 304 3329 postea
319 3258 452 3313 insulam·
444 3274 540 3313 muare
556 3278 610 3311 non
627 3262 766 3328 audebant,
785 3283 865 3334 usque
882 3266 915 3317 ad
934 3267 1036 3321 obitum
1053 3269 1229 3324 Gnortlaemir.
1253 3272 1288 3325 Ιιι
1298 3274 1328 3327 Κ

212 3344 280 3395 atebt
297 3342 366 3397 dtese
376 3344 459 3398 Stella
476 3363 518 3397 am
529 3345 627 3409 Raude,
645 3345 701 3399 int
717 3350 771 3421 und
787 3349 835 3400 L
826 3364 859 3401 ιιι
876 3350 912 3403 aie
929 3349 956 3403 in
974 3353 1024 3405 den
1033 3353 1100 3405 Text
1115 3356 1326 3428 ausgennmmen

213 3426 336 3491 Gamden,
353 3406 403 3484 col.
421 3427 479 3494 586,
495 3430 550 3483 und
566 3429 657 3493 Usher,
673 3451 700 3501 p.
712 3431 763 3487 385
779 3433 872 3486 suthren
888 3436 939 3487 den
956 3452 1040 3490 ersten
1057 3438 1134 3491 tteit
1152 3441 1238 3494 daron
1254 3445 1325 3497 nacla

212 3512 410 3567 Handsebrifteu
427 3533 467 3579 au,
484 3514 537 3570 und
554 3514 687 3569 schreiben
705 3518 756 3571 den
772 3519 871 3573 Numen
888 3521 997 3576 Gwmt
1012 3523 1126 3590 Ennian,
1144 3526 1324 3583 Gnrtbreuion

212 3596 278 3669 oder
299 3595 523 3663 Guartbeuniaun,
549 3600 645 3652 deu
625 3620 662 3653 ste
685 3622 747 3655 vom
771 3606 873 3670 gnum,
894 3607 1021 3674 nutare,
1045 3610 1099 3662 und
1125 3610 1230 3665 uniawu
1254 3616 1324 3669 oder

212 3680 322 3745 euiawn,
338 3686 451 3751 qerecbt,
468 3684 587 3737 ableiten.
606 3711 637 3723 —-
664 3686 688 3742 3.
711 3686 799 3742 Ut-
766 3689 985 3765 -secundttttt.)
1002 3695 1075 3749 Neela
1091 3716 1107 3748 a
1124 3702 1233 3764 ergtnrt.
1264 3699 1323 3752 Die

211 3766 289 3829 Mas,
304 3766 406 3819 welche
424 3768 493 3821 diesc
510 3768 613 3827 Worte
631 3773 771 3847 auslassen,
787 3776 878 3829 eahleu
894 3778 952 3831 bles
969 3778 1026 3833 drei
1041 3780 1199 3835 Scblaebten
1214 3784 1267 3837 aul.
1286 3814 1322 3827 ·-
1409 3835 1410 3842 ,

211 3848 454 3923 &Derguentsldd
470 3852 594 3919 Deruent,
613 3856 649 3921 D,
665 3856 702 3925 Ε,
718 3860 898 3929 Derguinqa3
914 3862 1098 3931 Det-guenti).
1123 3865 1216 3934 Eiuige
1231 3867 1323 3925 hulten
1409 3859 1410 3932 l

213 3951 239 3985 es
256 3933 299 3985 fuir
315 3934 466 3991 Derweut
458 3956 485 3991 ιιι
501 3937 673 4013 Derbysbire3
693 3944 965 3999 wabrscheinlicber
957 3962 991 4002 ist
1012 3968 1038 4001 ea
1059 3952 1120 4003 aber
1136 3952 1236 4005 Dareut
1253 3958 1321 4010 oder

211 4013 363 4071 Derwent'
354 4038 382 4073 m
397 4020 473 4075 Kent
506 4021 558 4075 Die
576 4024 742 4084 Sacbsiscben
758 4031 888 4093 Annalen,
906 4051 929 4083 v.
946 4032 972 4085 J
982 4032 1054 4098 457,
1077 4054 1177 4091 nenuen
1195 4038 1252 4092 dies
1273 4041 1322 4095 die

212 4100 333 4155 Scblacht
355 4124 408 4158 von
425 4105 598 4164 Creccansord
622 4113 686 4165 oder
708 4114 847 4188 Crayiord,
867 4102 996 4171 indam
976 4137 1012 4171 sae
1029 4118 1157 4235 Derpeut
1177 4124 1233 4177 und
1250 4124 1321 4199 (ἔτι)

212 4205 244 4239 au
261 4186 307 4241 der
323 4188 404 4244 Stelle
421 4198 650 4271 zusammenfugeu.
978 4226 982 4233 ¹
