2825 5009
176 282 256 384 'roe

192 475 328 552 Priiluug
353 474 405 530 der
425 469 553 544 Stellen,
579 454 704 530 welclie
719 469 799 527 seine
819 467 908 526 Mss.
933 487 998 525 zum
1019 467 1095 524 Text
1118 464 1168 522 des
1188 464 1297 542 Vergil

194 571 363 645 erg'anzten,
384 564 499 644 zcigcn,
519 565 582 622 dass
601 563 681 621 seine
698 560 945 620 Restaurationen
964 559 1065 616 weder'
1083 577 1117 616 so
1136 555 1301 628 xalrlrcicb,

192 657 277 718 noch·
292 676 325 715 so
345 655 468 734 wichtig
486 655 567 728 sind,
591 654 649 714 wie
669 653 722 712 der
741 652 848 714 chitc
867 649 1076 730 Herausgeber
1095 669 1149 708 uns
1166 647 1305 728 glauben

192 805 394 820 -a-——t-b—

190 889 292 955 „lncidi
309 909 403 961 nuper,
421 890 600 944 humanissime
619 877 731 954 domine,
748 903 792 940 tua
810 887 915 958 quidem
933 885 1083 938 auctoritate
1100 905 1167 950 usus,
1184 886 1211 938 in
1228 888 1303 938 duos

190 976 290 1036 'veteres
308 974 409 1027 codices
426 973 519 1027 Gildae
536 975 663 1036 Britonis,
688 979 798 1044 quorum
816 973 881 1025 alter
898 973 1030 1023 literarum
1046 970 1114 1022 notis
1132 972 1206 1023 valde
1222 991 1305 1041 pere-

192 1057 269 1124 grinis
287 1073 313 1110 et
328 1061 360 1110 ab
377 1079 424 1125 usu
441 1072 528 1110 nostro
546 1057 642 1130 jamdiu
659 1057 756 1120 alienis,
774 1057 872 1126 quippe
888 1056 998 1125 amplius
1010 1055 1134 1107 sexcentis
1150 1055 1209 1107 binc
1224 1055 1304 1108 annis

192 1143 312 1210 scriptus,
335 1144 368 1194 ad
384 1144 568 1195 bibliothecam
586 1143 798 1208 Augustinensem
816 1141 966 1193 Cantuariae
990 1139 1054 1191 olim
1071 1138 1210 1208 pertinuit;
1232 1141 1304 1191 alter

192 1225 300 1296 quidem
316 1228 399 1280 multo
417 1229 545 1280 recentior
562 1241 587 1278 et
603 1227 728 1297 scriptura
744 1245 797 1279 non
815 1245 895 1296 aeque
913 1225 1041 1291 diligenti,
1059 1222 1104 1294 qui
1121 1237 1206 1274 tamen
1221 1223 1305 1276 mini-

191 1329 263 1364 mum
281 1313 313 1364 ab
329 1311 378 1364 illo
396 1315 476 1367 altero
495 1312 628 1380 discrepat,
646 1311 695 1364 fuit
714 1309 980 1365 olimGlastonicnsis
997 1306 1133 1370 coenobii,
1150 1319 1177 1359 at
1191 1307 1246 1378 jam
1264 1323 1306 1359 est

194 1393 325 1466 cujusdam
341 1398 457 1461 generosi
480 1395 618 1468 jurisperiti
637 1394 765 1450 Cantiani
776 1395 855 1446 solius
874 1409 901 1445 ct
915 1393 1043 1463 proprius.
1078 1391 1135 1444 Hes
1152 1405 1182 1442 ut
1199 1391 1305 1444 contuli

194 1497 252 1528 curn
270 1477 355 1544 Gilda,
373 1501 452 1550 quem
468 1482 613 1553 Polydorus
631 1480 678 1530 sub
694 1480 768 1547 prelo
789 1478 882 1540 emisit,
898 1477 948 1546 jam
966 1476 1037 1528 annis
1054 1475 1113 1549 hinc
1130 1473 1221 1542 elapsis
1238 1494 1307 1542 qua-

193 1562 307 1627 draginta
323 1564 436 1626 duobus,
454 1562 610 1636 deprehendi
628 1563 669 1614 vel
687 1561 798 1613 defuisse
815 1561 948 1632 Polydoro
966 1579 1039 1622 vera,
1056 1558 1167 1624 integra,
1184 1573 1210 1608 et
1225 1577 1308 1610 accu-

191 1659 246 1697 rate
269 1640 404 1716 descripta
418 1649 584 1716 exemplaria,
607 1664 670 1715 quae
694 1658 857 1714 sequeretur,
879 1644 921 1695 vel
943 1644 1027 1711 ipsum
1044 1643 1219 1716 Polydorum,
1236 1665 1307 1714 pace

191 1743 237 1782 tua
260 1731 380 1798 dixerim,
403 1751 455 1782 non
482 1731 622 1784 exhibuisse
638 1729 714 1782 nobis
730 1728 798 1780 hunc
815 1741 947 1779 auctorem
970 1747 1029 1780 cnm
1045 1731 1114 1803 bona
1130 1728 1258 1795 religione
1276 1743 1308 1781 et

176 1795 251 1866 ‘tide
285 1817 352 1868 Nam
368 1833 415 1885 per
433 1815 547 1878 codices,
565 1834 629 1885 quos
648 1814 707 1866 dico
725 1814 789 1864 mibi
805 1813 886 1875 visos,
908 1811 1009 1880 reperio
1027 1811 1104 1880 plane
1120 1815 1215 1875 multa,
1232 1833 1306 1882 qnae

193 1899 285 1949 desunt
302 1899 330 1948 in
347 1898 471 1967 impresso
490 1899 575 1960 Gilda,
593 1913 646 1950 tam
664 1917 767 1959 eorum,
784 1915 849 1966 quae
866 1896 968 1948 suntin
985 1900 1097 1948 auctoris
1113 1894 1225 1966 propria,
1243 1905 1307 1950 turn

193 1979 303 2032 maxime
328 1980 467 2034 sacrorum
483 1981 705 2044 testimoniorum,
732 1999 796 2051 qnae
819 1982 851 2032 ab
877 1980 934 2048 ipso
960 1979 1039 2031 etiarn
1055 1993 1165 2032 auctore
1186 1981 1219 2030 ad
1242 2000 1306 2031 cor-

192 2063 335 2117 rectionem
352 2085 411 2116 suae
429 2066 508 2131 gentis
524 2067 566 2118 lric
584 2067 758 2128 adducuntur,
780 2058 821 2118 ut¹
832 2063 935 2116 interim
951 2051 1050 2116 taceam
1072 2077 1098 2115 et
1119 2063 1203 2131 ipsum
1219 2063 1307 2134 Poly-

194 2149 287 2200 dorum
309 2167 361 2199 non
384 2169 514 2213 accusem,
538 2152 609 2220 quod
626 2151 737 2202 auctoris
755 2152 929 2218 verbaquam
952 2145 1070 2216 plurimis
1091 2148 1118 2208 in
1136 2148 1201 2200 locis
1217 2162 1306 2206 muta-

155 2225 163 2233 *
193 2232 235 2294 rit,
252 2233 375 2284 nonnulla
390 2233 536 2297 resecuerit,
554 2236 679 2304 quaedam
695 2233 747 2286 alio
766 2233 856 2284 ordine
873 2231 978 2294 locarit,
996 2251 1055 2283 curn
1072 2245 1189 2299 exparte
1205 2231 1257 2282 hoc
1274 2253 1305 2284 se

193 2313 249 2384 jure
266 2315 379 2384 potuisse
397 2318 482 2368 facere
504 2318 622 2386 exemplo
642 2329 758 2368 veterum
781 2317 972 2390 castigatorum,
999 2317 1045 2385 qui
1064 2315 1129 2368 hanc
1150 2315 1198 2366 sibi
1220 2315 1307 2366 facul-

194 2412 273 2450 tatem
298 2399 481 2468 permiserunt,
507 2401 647 2453 confirmat.
687 2401 784 2452 Verum
810 2415 912 2470 practer
935 2400 1000 2451 banc
1025 2399 1130 2450 nimiam
1156 2397 1308 2454 libertatern

191 2469 310 2534 'mutandi
332 2485 469 2536 verborum
487 2500 512 2537 ct
536 2483 645 2546 ordinis,
672 2503 723 2554 quo
742 2485 818 2552 plane
835 2485 933 2535 sactum
955 2498 1006 2546 est,
1027 2497 1057 2534 ut
1078 2481 1168 2535 eadem
1189 2487 1306 2538 auctoris

193 2565 318 2618 sententia
335 2566 361 2616 in
379 2568 463 2619 verbis
483 2583 508 2619 et
526 2568 615 2634 ordine
633 2587 686 2618 non
704 2583 836 2631 maneant,
858 2581 888 2618 ut
904 2566 995 2631 facile,
1017 2560 1208 2637 comparatione
1225 2571 1307 2633 facta,

195 2649 335 2713 constabit,
358 2652 478 2718 quasdam
495 2651 678 2703 sententiarum
695 2651 834 2720 particulas
851 2652 884 2702 de
901 2671 949 2703 suo
967 2652 1085 2714 inseruit,
1104 2666 1130 2703 et
1146 2669 1215 2703 sacra
1231 2651 1307 2704 scri-

193 2747 328 2803 pturarum
344 2735 501 2797 testimonia,
527 2754 591 2805 quae
613 2736 719 2799 retinet,
743 2754 796 2786 non
815 2735 901 2786 omnia
918 2735 1015 2787 eisdem
1030 2735 1128 2798 verbis,
1151 2736 1242 2804 quibus
1261 2756 1307 2788 re-

193 2817 270 2886 perit,
286 2817 397 2884 reponit,
415 2818 461 2868 sed
473 2834 503 2868 ex
515 2819 554 2870 his
573 2820 699 2887 quaedam
714 2818 783 2871 locat
800 2820 933 2888 desumpta
948 2839 964 2870 a
974 2819 1163 2888 scripturarum
1179 2818 1306 2883 lectione,

196 2921 273 2970 quam
290 2901 376 2966 vulgo,
392 2902 438 2952 sed
453 2901 529 2965 falso,
546 2903 667 2956 Veterem
684 2902 807 2967 dicimus,
824 2925 901 2974 quam
918 2903 1080 2974 temporibus
1097 2903 1190 2956 Gildae
1206 2903 1234 2954 in
1250 2904 1308 2957 Ec·

195 2986 272 3038 clesia
289 3001 342 3038 non
359 2983 468 3037 extitisse
486 2983 591 3053 publico
609 3005 657 3037 usu
674 3001 805 3055 receptam
825 3008 883 3058 per>
899 3008 987 3040 omnes
1004 2988 1194 3056 Scripturas-um
1209 2987 1307 3055 libros,

196 3085 293 3122 certum
312 3070 416 3140 quidem
434 3068 482 3120 erit
499 3069 591 3120 lectori
608 3069 750 3139 quingentis
772 3073 836 3125 locis
854 3074 890 3132 in
905 3075 954 3125 boc
976 3087 1029 3125 tam
1051 3072 1142 3137 exiguo
1165 3071 1257 3124 libello
1274 3074 1307 3126 in

194 3156 309 3210 medium
325 3154 440 3226 prolatis,
459 3172 523 3226 quac
540 3153 627 3224 paucis
645 3153 750 3223 quidem
768 3158 851 3210 verbis
869 3178 927 3210 cnm
943 3157 1051 3224 Vulgata
1068 3157 1173 3226 quidem
1190 3155 1308 3210 lectione

197 3239 357 3291 conveniunt.
393 3239 463 3290 llaec
481 3257 541 3289 cum
558 3238 800 3315 animadverterem,
817 3254 843 3292 et
861 3242 977 3294 dolerem
993 3240 1057 3292 tanti
1074 3239 1229 3315 presbyteri,
1247 3255 1306 3296 tam

195 3323 307 3392 antiqui,
325 3361 332 3374 .
351 3361 356 3374 .
376 3361 381 3374 .
402 3337 455 3375 tam
477 3322 540 3374 utile
564 3335 589 3372 et
606 3323 765 3375 fructuosum
787 3341 995 3388 monumentum,
1014 3365 1020 3378 .
1039 3362 1047 3377 .
1065 3365 1072 3378 .
1093 3321 1160 3376 adeo
1177 3327 1306 3380 mendose

195 3406 223 3458 in
240 3405 356 3459 manibus
373 3407 507 3458 bominum
523 3405 629 3468 versari,
651 3406 716 3458 nihil
732 3407 797 3459 mihi
813 3409 899 3476 potius
916 3410 966 3462 fuit
984 3429 1059 3479 quam
1076 3424 1107 3460 ut
1123 3410 1209 3460 denuo
1227 3412 1308 3465 emit·

196 3506 291 3557 terem,
312 3492 353 3542 vel
371 3490 479 3542 maxime
498 3490 568 3560 quod
586 3491 736 3543 auctoritate
753 3506 809 3555 tua,
833 3511 912 3562 penes
929 3512 1005 3563 quem
1023 3507 1060 3545 est
1076 3494 1141 3545 mibi
1156 3493 1309 3564 imperandi

195 3589 316 3645 potestas,
334 3576 432 3626 adhoc
450 3575 535 3644 ipsum
553 3565 677 3625 animatus
694 3563 796 3627 luerim.
830 3577 920 3647 Itaque
937 3590 1090 3645 cognoscant
1107 3579 1230 3642 lectores,
1248 3580 1306 3634 illis

196 3677 265 3712 nunc
282 3657 395 3710 exbiberi
407 3659 512 3714 Gildam
528 3659 564 3710 ita
577 3657 733 3723 castigatum,
749 3660 848 3712 mendis
866 3663 979 3726 sublatis,
995 3678 1094 3715 utnon
1110 3664 1197 3716 solum
1214 3667 1306 3729 verba,

196 3744 243 3796 scd
260 3757 286 3794 et
303 3743 410 3808 integras
427 3743 503 3812 plane
522 3741 669 3806 sententias,
687 3756 764 3812 atque
781 3744 847 3796 adeo
863 3745 961 3812 integra
976 3747 1053 3810 folia,
1074 3748 1126 3799 suis
1143 3747 1209 3800 locis
1226 3751 1309 3802 resti·

195 3827 298 3882 luerim.
332 3827 411 3896 Atqui
427 3827 477 3878 lroc
494 3839 578 3878 totum
595 3827 646 3878 feci
663 3828 815 3880 auctoritate
831 3842 929 3882 tantum
947 3845 1062 3883 veterum
1085 3833 1307 3901 exemplariorum

197 3913 309 3983 adjutus,
332 3927 491 3990 nequaquam
514 3912 577 3964 mihi
594 3911 738 3964 libertatem
761 3912 911 3981 permittens
927 3933 956 3964 ex
975 3915 1091 3980 ingenio,
1112 3930 1143 3968 ut
1159 3917 1306 3987 quicquam

197 4010 293 4046 mutcm
317 3998 349 4046 dc
373 3996 475 4057 ordine,
497 3997 537 4046 vel
560 3997 673 4048 auserem
695 3997 727 4048 de
751 3997 834 4048 verbis
856 4011 883 4048 et
903 3999 1046 4051 sententiis·
1075 4001 1146 4052 llaec
1162 4003 1195 4052 dc
1213 4004 1307 4071 operis

198 4078 373 4150 castigation03
390 4081 435 4131 scd
452 4079 503 4152 jam
520 4082 652 4152 adipsum
670 4095 803 4136 auctorem
819 4081 968 4134 veniamus“
986 4095 1033 4134 etc.
